4500 5650
1512 510 2022 587 CAPVT
2123 512 2458 599 xv111.·

228 678 235 683 ’
290 688 489 747 want.
576 674 787 762 Magis
844 676 961 742 illo
1004 694 1163 744 aevo
1207 675 1498 767 placuere
1541 675 1774 761 figurae
1814 675 1906 740 in·

332 776 597 868 tegrae‘,'
650 788 761 853 aut
827 799 1231 866 quaecunque
1299 778 1422 845 alia
1489 780 1650 847 vita·
1695 798 1933 845 caren-

332 885 441 950 tia.
541 880 863 968 Exempla·
921 882 1154 969 passim
1229 881 1467 948 dabunt
1532 882 1711 949 numi
1716 931 1732 963 ‚
1801 882 1909 970 qui

336 1008 425 1053 ex
476 985 665 1051 certis
719 976 968 1050 indiciis
1023 984 1434 1072 antiquissimi
1491 994 1636 1050 sunt
1687 994 1907 1073 putan-

338 1088 427 1157 di.
502 1086 679 1154 Idem
723 1085 1092 1153 observatur
1132 1087 1205 1163 in
1243 1109 1458 1174 regum
1488 1087 1907 1153 Macedoniae

338 1192 539 1258 numis
584 1188 1038 1261 vetustissimis.
1104 1189 1335 1257 Secuta
1378 1200 1560 1257 aetas‘
1591 1190 1753 1278 parti
1795 1212 1909 1255 nu

336 1314 583 1360 morum
628 1293 889 1359 -anticae
944 1288 1324 1381 ,plerumque
1390 1305 1576 1382 caput
1649 1290 1908 1381 aliquod

335 1394 564 1463 intulit.
661 1396 817 1462 Est-
840 1392 1025 1461 illud
1054 1395 1118 1459 in
1179 1396 1545 1462 autonomis
1591 1398 1724 1463 sive
1778 1395 1911 1477 dei,

337 1497 604 1581 deaeve,
667 1500 801 1564 sive
841 1497 1039 1583 genii,
1115 1497 1247 1564 sive
1290 1497 1579 1595 heroisg
1606 1499 1673 1565 i'n
1716 1499 1977 1584 regiis

232 1672 241 1677 ,
333 1602 534 1688 regis,
610 1598 715 1666 vel
770 1599 1051 1685 reginae,
1126 1602 1191 1664 in
1245 1599 1658 1688 imperatoriis
1703 1604 1907 1686 cujus·

336 1706 512 1792 piam
584 1724 670 1769 ex
733 1701 964 1767 familia
1026 1702 1404 1790 imperantis.
1515 1702 1671 1768 Non
1758 1725 1903 1769 raro

312 1806 525 1894 ‚plura
580 1806 646 1869 in
702 1804 902 1869 antica
954 1812 1288 1868 occurrunt
1346 1806 1581 1888 capita,
1644 1826 1716 1869 ac
1777 1816 1905 1870 tum

339 1928 417 1975 ea
458 1905 558 1975 vel
590 1910 811 1993 jugata
853 1915 1018 1987 sunt,
1062 1903 1164 1969 vel
1208 1926 1278 1970 se
1320 1904 1737 1990 respicientia,
1784 1905 1905 1983 vel,

334 2021 409 2081 ut
475 2011 545 2101 ii)
618 2007 931 2096 aliquibus
1018 1994 1289 2105 Gallia'e·
1346 2006 1648 2089 coloniis,
1734 2007 1908 2073 v‘ultu

338 2134 585 2182 averso.
696 2116 868 2181 Raro
952 2111 1017 2175 in
1090 2111 1293 2176 antica
1364 2108 1906 2197 imperatui-iorum

337 2236 463 2304 pro
537 2215 761 2303 capite.
806 2213 1166 2301 imperantis
1242 2221 1378 2278 tota
1420 2212 1633 2298 „hujus
1712 2210 1909 2297 figura

339 2318 689 2405 comparet,
778 2325 848 2382 ut
937 2327 1138 2382 statua
1208 2315 1466 2399 Trajani
1552 2315 1619 2382 in
1702 2315 1904 2381 numia

338 2414 621 2509 Tripolis
713 2416 964 2501 Cariae,
1069 2418 1247 2483 Titus
1304 2412 1413 2481 'et
1509 2415 1904 2483 Domitianus

338 2532 573 2592 stantes
659 2523 728 2587 in
816 2520 1020 2587 numis
1106 2517 1512 2606 Amphipolis
1600 2519 1902 2585 Macedo·

339 2628 510 2708 niae,
569 2622 867 2690 Aurelius
924 2632 987 2690 et
1028 2620 1261 2711 Verus'
1288 2631 1522 2687 stantes
1577 2622 1643 2687 in
1701 2622 1904 2688 numis

336 2727 653 2798 anazarbi
720 2716 997 2799 Ciliciae.
1106 2724 1337 2812 Saepe
1382 2722 1708 2791 liberalior
1772 2746 1905 2790 mo·

336 2833 610 2904 netarius
687 2830 877 2918 capiti
964 2824 1195 2914 adjecit
1280 2837 1531 2915 pectus,
1594 2848 1691 2893 ac
1778 2836 1907 2893 tum

332 2948 607 3023 protono
652 2931 908 3032 dicitur,
972 2927 1148 2997 Italis
1191 2932 1388 3013 busto,
1456 2929 1649 2998 nobis
1692 2932 1906 2996 Brust-

337 3033 541 3108 unck.

517 3139 595 3205 In
648 3135 849 3202 numis
897 3117 1248 3204 autonomis
1303 3155 1449 3222 pars
1503 3155 1721 3202 aversa
1771 3132 1902 3221 ple-

335 3262 602 3329 rumque
660 3259 797 3306 cum
852 3239 1057 3305 antica
1114 3223 1533 3326 componitur.⁸
1626 3237 1757 3310 Sic„
1796 3235 1903 3319 dii,

289 3391 305 3398 κ
341 3343 622 3431 deaeque
666 3362 781 3408 sua
821 3340 1055 3407 habent
1106 3341 1193 3405 in·
1219 3340 1452 3407 aversis
1496 3333 1607 3406 seu
1652 3337 1915 3406 attribu-„

340 3457 435 3530 tn,
484 3467 608 3514 seu
654 3465 833 3542 sacra
886 3444 1011 3510 sibi
1062 3443 1377 3524 animalia,
1437 3464 1548 3509 seu
1601 3442 1902 3522 victimas,

342 3572 453 3618 scu
509 3545 816 3638 quidquid
868 3544 1065 3626 aliud,
1093 3545 1174 3612 ad
1217 3568 1288 3612 sc
1329 3546 1681 3634 pertinens,
1734 3568 1798 3610 v.
1843 3564 1900 3630 g.

233 3723 241 3728 ,
344 3674 485 3719 cum
534 3651 697 3717 Jove
724 3699 731 3708 .
737 3648 1019 3735 jungitur
1082 3647 1345 3736 fulmen,
1411 3671 1549 3715 omn
1602 3644 1904 3735 Apolline

345 3753 516 3837 lyra,
584 3754 815 3840 tripus,
879 3750 1041 3820 lauri
1090 3772 1334 3834 ramus,
1408 3772 1547 3816 cum
1601 3747 1903 3836 Neptuno

282 3901 299 3912 -
349 3853 620 3936 tridens,
669 3856 819 3920 item
862 3847 1013 3920 'cum
1067 3853 1229 3941 que
1286 3853 1529 3941 aquila5
1587 3873 1725 3917 cum
1771 3848 1909 3916 Pal·

345 3955 499 4024 lade
546 3966 798 4038 noctua,
856 3953 995 4023 cuin
1037 3951 1287 4024 ‚lunone
1330 3978 1526 4044 pavo,
1580 3954 1725 4022 item
1771 3973 1910 4018 cum

345 4060 578 4130 Cerere
659 4081 893 4147 porcus
978 4062 1111 4144 ejus
1192 4057 1473 4138 victima,
1554 4057 1701 4123 item
1740 4076 1908 4126 ,cum

340 4162 593 4247 Venere
646 4165 816 4246 ‚eJus
910 4161 1211 4250 templum
1258 4159 1667 4242 'Erycinur‘n‚
1771 4173 1909 4252 cum

337 4263 506 4333 Jove
532 4264 991 4351 Capitolinum.
1076 4263 1254 4330 Idem
1302 4283 1505 4329 nexus
1553 4251 1739 4326 etiam
1781 4269 1911 4326 tum

340 4358 795 4454 nonnunquam
860 4365 1123 4447 valebit,
1195 4386 1334 4431 cum
1403 4367 1537 4449 ejus
1600 4382 1733 4430 non
1789 4370 1909 4428 sta·

282 4483 311 4522 ⁸·
342 4472 456 4544 tim
507 4468 670 4538 ratio
724 4479 1016 4556 apparet,
1079 4469 1261 4556 isque
1315 4488 1399 4534 ex
1448 4462 1659 4536 fabula
1709 4464 1909 4553 priva-

216 4569 227 4577 ’
340 4584 411 4641 ta
462 4580 561 4639 est
613 4565 1075 4658 explicandus.
1142 4572 1241 4639 Ita
1292 4591 1433 4638 cum
1486 4561 1691 4633 Diana
1741 4588 1907 4634 com·

382 4693 534 4759 (φοι.
569 4690 646 4759 ω

1973 676 2131 763 poni
2189 697 2467 757 cervum,
2523 675 2674 742 vel
2695 694 2942 759 canem,
3015 677 3082 741 in
3144 678 3365 765 vulgus
3433 680 3546 747 no·
3641 688 3656 701 ⁸

1973 786 2139 859 tum,
2216 787 2280 844 at
2334 772 2601 844 mirabar
2658 778 2843 862 olim,
2916 781 2985 845 in
3031 802 3220 855 numo
3273 782 3547 850 Phenea-

1975 891 2173 946 tarum
2224 857 2534 946 Arcadiae
2604 903 2741 947 cum
2806 904 2880 947 ea
2947 886 3244 970 confringi
3301 906 3605 973 equum..

1974 983 2274 1049 Instituto
2347 971 2636 1050 examine
2707 986 3016 1071 comperi,
3106 1008 3144 1051 a
3213 987 3547 1055 Pheneatis

1974 1085 2243 1151 Dianam
2300 1086 2578 1152 nomine
2599 1084 2974 1169 Εὐριππης,
3027 1110 3309 1172 equarum
3351 1098 3544 1157 &ven-

1974 1193 2172 1268 mois,
2226 1186 2419 1252 fuisse
2476 1188 2885 1254 observatam.
2988 1190 3268 1257 Similem
3322 1194 3545 1258 utrius-

1976 1311 2145 1383 que
2171 1291 2365 1377 partis
2437 1312 2669 1357 nexum
2741 1289 3036 1356 offerunt*
3095 1295 3283 1359 etiam
3373 1294 3547 1360 multi

1972 1370 2344 1458 familiarum
2387 1376 2809 1461 Romanarum
2853 1393 3045 1462 numi.
3501 1448 3510 1465 .

2066 1496 2078 1513 “
2146 1493 2391 1560 Multae
2446 1497 2832 1563 Graecorum
2887 1496 3072 1593 urbes
3130 1496 3342 1563 certos
3388 1508 3542 1563 suos

1972 1603 2294 1697 statosque
2358 1598 2632 1665 habuere
2695 1586 2918 1686 typos,
2991 1602 3126 1664 sive
3199 1596 3542 1666 inserendo
3635 1638 3644 1649 =

1972 1708 2265 1764 metretae
2340 1723 2492 1768 suae
2577 1700 2733 1767 deos
2820 1724 2971 1768 suos
3055 1700 3384 1784 tutelares,
3475 1710 3546 1768 ut

1973 1800 2390 1868 Athenienses
2448 1813 2635 1891 caput
2687 1802 2994 1883 Palladis,
3057 1803 3374 1890 huJusque
3426 1824 3542 1869 no·

1974 1909 2203 1981 ctuam,
2293 1904 2424 1969 sive

1978 2002 2196 2068 Cnosii
2238 2003 2694 2087 labyrinthum,
2727 2007 2885 2073 sive
2940 2009 3073 2093 agri
3127 2008 3224 2071 sui
3269 2028 3542 2094 proven·

1972 2102 2105 2187 tuS,
2162 2114 2230 2171 ut
2273 2105 2697 2193 Metapontini
2752 2109 3016 2195 spicam,
3079 2108 3388 2192 Cyrenaei
3433 2109 3542 2175 sil-

1944 2205 2218 2295 phium,
2287 2198 2420 2276 'sive
2486 2210 2700 2298 clypei
2759 2212 2856 2277 sui
2908 2212 3208 2285 formam,
3275 2220 3346 2276 ut
3377 2209 3543 2276 ·Ma·

1975 2307 2281 2392 cedones,
2327 2311 2593 2393 Boeoti,
2649 2313 2782 2379 sive
2834 2312 3197 2379 adlusiones
3242 2311 3326 2378 ad
3371 2311 3542 2379 urbis

1973 2432 2235 2495 nomen,
2291 2423 2359 2479 ut
2411 2413 2651 2480 Rhodii
2701 2437 2945 2498 rosam,
3006 2413 3256 2483 Sidetes
3313 2414 3545 2481 malum

1948 2514 2305 2597 Punicum,
2371 2504 2724 2585 Selinufitii‘
2758 2516 2980 2584 folium
3025 2518 3181 2605 apii,
3231 2527 3351 2587 etc.
3413 2518 3546 2585 sive
3567 2564 3600 2601 κ,
3681 2540 3698 2553 ·

1973 2617 2243 2684 vicinum
2318 2628 2574 2685 naturae
2642 2619 3031 2701 miraculum,
3120 2629 3188 2686 ut
3271 2618 3542 2705 Apollo·
3615 2648 3623 2659 =

1972 2721 2179 2788 niatae
2249 2719 2491 2804 Illyrici
2534 2720 2975 2808 Nymphaeum
3050 2721 3307 2804 ardens,
3389 2723 3542 2789 Cae·

1975 2820 2283 2914 sarienses
2352 2823 2792 2912 Cappadociae
2854 2823 3168 2912 Argaeum
3246 2835 3542 2908 montem,

1974 2925 2082 2991 alii
2150 2926 2275 2990 alia
2338 2946 2421 2989 ex
2481 2928 2682 2994 causis
2741 2927 3025 3008 incertis,
3105 2939 3173 2995 ut
3227 2927 3543 3016 Pelopon-

1975 3027 2135 3094 nesii
2177 3025 2583 3111 testudinem,
2639 3025 2783 3096 Chii
2827 3027 3205 3114 Sphingem,
3261 3030 3542 3113 Dyrrha·

1975 3128 2159 3195 cheni
2228 3127 2488 3206 vitulum
2563 3127 2924 3207 lactantem,
3008 3128 3343 3211 Sybaritae
3428 3132 3541 3198 bo·

1974 3251 2113 3300 vem
2198 3231 2632 3318 respicientem
2650 3281 2667 3312 ,
2758 3230 3015 3330 Cymaei
3075 3230 3367 3298 Aeolidis
3432 3258 3542 3302 vas
3627 3255 3638 3262 ’

1974 3333 2302 3401 monotum
2345 3343 2552 3410 certae
2604 3334 2859 3421 formae.
2950 3333 3228 3412 Quin²et
3271 3336 3542 3403 sub-im-

1973 3432 2370 3527 peratoribus
2440 3447 2683 3503 veteres
2756 3459 2909 3503 suos
2977 3421 3197 3524 typos'·
3247 3437 3542 3527 aliqnamss

1960 3539 2083 3608 -diu
2123 3541 2467 3620 retinuere,
2524 3537 2640 3605 sed
2682 3536 3018 3627 plerisque.
3053 3560 3349 3606 successu
3390 3550 3564 3608 tem-x

1974 3643 2150 3731 poris
2223 3641 2544 3740 ludorum,
2633 3639 3082 3729 fastorumque·
3131 3642 3375 3709 insania
3450 3643 3580 3711 in·'

1975 3744 2294 3814 credibilis
2347 3742 2481 3811 fere
2536 3743 2785 3809 unicum
2849 3754 3148 3831 typorum
3218 3766 3541 3832 argumen-

1979 3860 2109 3916 tum
2152 3847 2371 3916 evasit.

2151 3949 2398 4027 Quibus
2448 3947 2619 4034 typis
2673 3947 2943 4014 Romani
2999 3947 3066 4013 in
3124 3958 3378 4016 moneta
3430 3971 3546 4017 sua
3647 3987 3692 4024 ·.

1979 4051 2298 4120 consulari
2367 4058 2429 4115 et
2504 4046 2870 4115 familiarum
2949 4050 3049 4115 usi
3131 4048 3388 4136 fuerint,
3474 4055 3542 4118 in

1976 4154 2162 4241 hujus
2230 4148 2696 4240 prolegomenis
2753 4149 2892 4218 fuse
2948 4149 3296 4220 docebitur.
3389 4153 3542 4219 Μο-

1977 4266 2123 4323 neta
2203 4255 2630 4340 Augustorum
2718 4273 2858 4318 cum
2956 4255 3160 4343 capite
3241 4254 3542 4344 principis

1978 4358 2303 4445 conjungit
2364 4366 2471 4422 aut
2533 4354 2796 4424 deorum
2852 4356 3184 4442 imagines,
3250 4366 3355 4422 aut
3388 4358 3542 4441 'ejus

1976 4451 2244 4528 illustria
2297 4457 2470 4526 domi
2523 4456 2805 4546 forisque
2861 4457 3053 4539 facta,
3122 4466 3229 4524 aut
3285 4455 3545 4527 virtutes

1974 4564 2246 4632 humana
2299 4561 2510 4647 specie
2563 4560 2941 4676 propositas.
3042 4558 3400 4629 Generatim
3455 4559 3543 4627 al-

3103 4699 3143 4743 0

3453 532 3644 589 CV‘

2511 1914 2720 1971 vetera
2791 1928 2905 1971 sua
2987 1912 3383 1987 ornamenta,
3475 1915 3545 1971 ut
3647 1910 3660 1920 “
