4500 5650
62 446 67 527 *-—'
62 294 77 437 —-=·n“·-
62 262 75 285 Ί
62 200 77 241 'l’
62 84 81 191 *Ἰ*

62 1184 73 1343 *rv-

659 638 693 663 Ο

2497 376 2516 413 Q

956 760 1382 851 contemptor,
1444 771 1575 819 non
1636 750 2022 835 mirabimur,
2088 775 2316 841 passos
2376 775 2512 833 eos,

956 860 1245 922 monetae
1309 874 1458 920 suae
1526 855 1783 921 inscribi
1834 855 2052 935 titulos
2106 854 2362 931 laudum
2427 855 2514 921 fa-

852 1020 863 1029 .
911 960 1243 1059 stuosos,
1299 965 1405 1022 aut
1452 955 1885 1023 humanitatis
1907 955 2164 1023 modum
2208 956 2515 1023 exceden-

955 1070 1069 1126 tes.
1163 1059 1372 1145 Atque
1435 1058 1592 1124 haec
1648 1080 1789 1127 cum
1843 1056 2239 1151 admitterent
2287 1058 2516 1146 princi·

952 1181 1098 1248 pes,
1175 1181 1257 1227 an
1328 1171 1667 1246 propterea
1745 1161 1888 1233 vani
1956 1171 2142 1247 atque
2215 1170 2514 1242 amentes,

956 1284 1032 1326 ac
1096 1281 1232 1326 ιιοιι
1292 1260 1506 1347 potius
1568 1262 1833 1343 versuti,
1894 1263 2237 1351 artiumque
2302 1261 2517 1350 politi·

959 1381 1168 1428 carum
1221 1361 1425 1447 probe
1479 1364 1689 1447 gnari,
1750 1384 1889 1429 cum
1942 1366 2201 1447 scirent,
2262 1364 2517 1451 objecto

848 1536 863 1551 Ι
952 1461 1299 1537 ,divinitatis
1350 1463 1605 1530 nomine
1657 1454 2037 1552 populorum
2099 1465 2340 1533 intendi
2406 1467 2519 1534 ob-

963 1565 1362 1647 servantiam,
1401 1567 1971 1655 reverentiamque?
2056 1567 2227 1655 Lege
2272 1568 2355 1636 de
2393 1567 2523 1633 hoc

964 1786 1315 1859 amensque·
1356 1767 1645 1850 Severus,
1714 1769 1812 1835 vir
1871 1790 2024 1836 sane
2086 1770 2420 1843 cordatus,
2459 1780 2525 1834 et

886 1884 909 1898 “
964 1867 1352 1939 dexte-itatis
1415 1870 1731 1955 cognitae,
1822 1888 1961 1934 cum
1974 1915 1993 1950 ,
2037 1896 2047 1915 2
2083 1866 2258 1955 quod
2326 1865 2522 1933 multo

961 1971 1159 2056 magis
1210 1968 1582 2051 mirandum,
1639 1967 1943 2035 obscurae
1997 1969 2136 2056 ipse
2190 1967 2525 2056 prosapiae

959 2070 1057 2140 M.
1100 2062 1339 2136 Aurelii
1390 2093 1460 2138 se
1500 2070 1694 2137 filium
1746 2078 1843 2136 est
1885 2068 2208 2158 professus
2253 2091 2350 2136 ex
2382 2084 2524 2136 cau·-

963 2172 1084 2251 sis,
1151 2192 1303 2258 quas
1356 2173 1423 2237 in
1475 2176 1611 2258 ejus
1673 2172 1974 2260 principis
2032 2180 2287 2239 moneta
2337 2192 2525 2259 expe·

967 2271 1229 2340 diemus.
1780 2352 1785 2356 ,
2138 2348 2145 2355 ,

1116 2372 1451 2447 -Relictum
1535 2374 1832 2460 Augustis
1918 2374 2082 2456 auri,
2172 2371 2532 2461 argentique

959 2477 1069 2561 jus
1130 2495 1329 2561 suprar
1384 2494 1469 2538 ex
1530 2467 1744 2541 Dione
1809 2474 2215 2542 stabilivimus
2231 2524 2250 2556 ,
2326 2475 2531 2562 perhi-

969 2575 1189 2658 bente,
1278 2583 1557 2641 senatum
1634 2574 1954 2661 Caligulae
2041 2575 2195 2643 odio
2237 2608 2241 2612 ·
2277 2597 2532 2664 omnem

969 2681 1106 2763 ejus
1163 2685 1505 2758 monetam,
1591 2675 1709 2742 sed
1779 2698 2035 2744 aeneam
2104 2687 2379 2761 tantum,
2468 2680 2534 2744 in

890 2857 902 2867 ·
973 2796 1159 2896 quam
1221 2799 1446 2871 nempe
1507 2799 1692 2844 unam
1757 2778 1819 2844 ei
1867 2783 1976 2865 jus
2049 2779 2197 2863 fuit,
2216 2847 2227 2860 ,
2274 2780 2533 2854 conflari

962 2881 1246 2965 jussisse.
1320 2878 1677 2944 Molestum
1708 2879 1878 2947 hunc
1917 2880 2154 2947 nodum
2197 2884 2290 2950 sic
2333 2885 2530 2969 expli·

975 3003 1119 3048 care
1180 2989 1377 3048 tentat
1433 2959 1816 3047 Moroellus:
1900 2981 2224 3069 quoniam,
2311 2982 2530 3070 inquit,

977 3077 1297 3200 Caligulae
1371 3083 1585 3147 numi
1616 3083 1824 3163 aenei,
1926 3092 1990 3148 et
2058 3081 2311 3171 quidem
2382 3105 2535 3172 prae

975 3186 1209 3267 anneis,
1297 3183 1729 3271 argenteisque
1813 3181 2169 3267 abundant,
2259 3196 2538 3274 apparet,

976 3309 1016 3351 a
1057 3294 1277 3350 senatu
1317 3305 1451 3349 non
1490 3285 1559 3347 in
1600 3288 1737 3367 ejus
1782 3293 2095 3349 monetam
2138 3305 2394 3354 aeneam
2437 3309 2537 3354 or-

980 3383 1285 3454 dinariam·
1336 3384 1669 3464 saevitum,
1725 3382 1840 3449 sed
1900 3384 1970 3448 in
2025 3404 2248 3451 numos
2306 3409 2539 3456 aeneos

979 3488 1235 3554 maximi
1293 3483 1585 3578 moduli,
1631 3505 1794 3572 quos
1856 3505 2019 3552 unos
2085 3486 2171 3553 ait
2233 3508 2272 3552 a
2326 3490 2540 3557 Dione

980 3587 1236 3656 nomine
1274 3608 1685 3672 νομισματος
1721 3605 1841 3653 του
1877 3587 2143 3673 χαλκου
2159 3590 2384 3657 notari.
2440 3591 2538 3656 Re

956 3683 1158 3766 ‘verm
1222 3688 1453 3777 inquit,
1510 3688 1825 3755 hactenus
1879 3688 2041 3757 duos
2104 3699 2341 3759 tantum
2403 3695 2537 3779 qius

984 3792 1231 3877 generis
1283 3811 1507 3857 numos
1564 3788 1927 3877 Caligulae-
1908 3793 2003 3859 -in
2058 3789 2392 3882 catalogis
2409 3793 2537 3862 vul-

985 3903 1200 4011 gatos,
1265 3913 1455 3959 unum
1520 3892 1586 3964 ἰιι
1648 3914 1868 3961 museo
1931 3894 2282 3984 Theupoli,
2356 3896 2547 3963 alium

960 3995 1056 4062 -in
1108 4016 1326 4062 museo
1369 3994 1760 4088 Florentino.
1846 3995 2066 4082 Minus
2122 3995 2356 4086 aequus
2398 4021 2547 4065 suae

989 4097 1188 4186 ipsius
1253 4118 1490 4182 causae,
1538 4106 1839 4183 patronus
1910 4097 2041 4192 fuit
2088 4098 2183 4165 vir
2245 4098 2546 4183 eruditus,

990 4219 1137 4268 num
1200 4195 1266 4276 et
1327 4201 1654 4288 utrumque
1684 4255 1691 4260 .
1717 4199 1884 4266 hune
1939 4201 2244 4267 maximae
2311 4200 2547 4268 formae

991 4321 1241 4369 numum
1299 4309 1547 4388 poterat
1599 4300 1943 4394 negligere,
2008 4312 2072 4369 et
2135 4300 2385 4390 quidem
2438 4325 2549 4370 nu-

994 4396 1161 4474 mum
1214 4400 1748 4489 TheupoIianum,
1805 4403 1953 4491 quia
2003 4424 2086 4470 ex
2137 4404 2549 4510 contomiatis

980 4683 989 4692 ‚
1118 4619 1175 4686 ο)
1214 4624 1351 4675 Anu.
1382 4621 1467 4678 lv.
1498 4621 1584 4690 ay.
1623 4627 1713 4706 aa,
1802 4621 1889 4691 τ)
1926 4626 1980 4677 ι..
2014 4613 2271 4680 LXXVII.
2307 4621 2343 4696 ς
2377 4588 2492 4680 12.'

858 528 865 533 ’
949 611 1169 664 um
1379 696 1393 715 ἱ
1820 536 2616 707 ⁸1312201'AEG1omnm
2674 589 3251 666 GENERALIA.

2582 774 2742 820 unus
2793 763 2923 834 est,
2943 761 3044 819 ‘et
3095 752 3296 821 tribus
3351 750 3512 820 adeo
3579 752 3826 819 circiter
3881 751 4154 841 saeculis

2582 865 2732 942 post
2829 854 3218 940 Caligulam
3274 856 3584 941 signnm,
3693 852 4155 937 Florentinum,

2585 957 2732 1045 quia
2779 966 2846 1023 et
2897 968 3256 1042 argenteus
3279 967 3407 1055 est,
3474 966 3556 1026 et
3590 959 3906 1038 Graecus,
3937 972 4157 1039 vom·⁴

2584 1058 2790 1125 matis
2830 1057 2992 1124 adeo
3058 1048 3401 1147 peregrini,
3479 1081 3611 1126 non
3677 1042 4004 1139 Romani!
4057 1058 4156 1124 sie

2583 1170 2655 1227 ut
2705 1182 2784 1226 ne
2835 1182 3026 1229 unum
3086 1158 3341 1249 quidem
3397 1182 3656 1257 aeneum
3719 1162 3852 1245 eJus
3909 1154 4158 1229 moduli

2588 1282 2726 1329 cum
2789 1261 3116 1350 Caligulae
3182 1263 3386 1349 effigie
3449 1264 3790 1331 habeamus
3856 1261 4157 1349 supersti-

2588 1373 2741 1447 tem,
2810 1365 2917 1452 qui
2970 1375 3075 1433 aut
3125 1384 3204 1432 eo
3262 1366 3442 1447 viv0,
3510 1375 3617 1431 aut
3656 1366 3725 1428 in
3767 1363 3923 1431 urbe
3965 1384 4157 1430 cusus

2589 1467 2690 1535 sit.
2776 1462 2863 1534 At
2905 1474 3068 1534 'vero
3122 1468 3179 1534 si
3230 1468 3321 1533 sic
3374 1464 3680 1555 capienda
3732 1487 3872 1533 esse
3901 1464 4159 1547 ‘Diqnis

2562 1568 2783 1636 .verba
2842 1569 3153 1636 existimat
3208 1568 3618 1661 Morce'llus,
3662 1568 3807 1657 quia
3869 1567 3980 1634 vix
4045 1588 4162 1633 ex·
4239 1569 4244 1579 '

964 1675 1329 1751 argumento
1414 1666 1700 1733 Tacitum
1721 1668 1795 1752 ⁸).
1890 1668 2066 1754 Ergo
2155 1680 2219 1736 et
2303 1684 2563 1751 vanus,

2590 1679 2716 1739 stat
2800 1692 3023 1738 numus
3094 1671 3413 1760 Caligulae
3498 1670 3805 1737 maximae
3893 1669 4162 1748 formae,

2592 1786 2857 1839 necesse
2924 1783 3023 1839 est
3102 1783 3405 1847 statuero,
3479 1783 3730 1833 nonanus
3793 1771 4032 1833 ·odium
4096 1769 4168 1834 in

2593 1888 2810 1933 omnes
2862 1868 3175 1954 principes
3247 1865 3398 1935 inde
3462 1867 3541 1934 ab
3607 1868 3914 1953 Augusto.
3961 1890 4164 1957 usque

2591 1969 2675 2035 ad
2717 1970 3054 2055 Trajanum
3116 1958 3446 2053 flagrasse,
3522 1970 3670 2056 quia
3733 1970 3867 2036 fere
3931 1969 4166 2037 horum

2594 2070 2868 2161 omnium
2968 2069 3264 2136 deficiunt
3355 2074 3533 2137 numi
3630 2071 3808 2137 aenei
3903 2072 4170 2139 maximi

2592 2171 2836 2240 moduli
2897 2173 3139 2238 Romae
3204 2173 3459 2258 signati,
3549 2172 3723 2260 quod
3775 2177 3914 2260 jam
3999 2175 4167 2241 inta-

2598 2293 2816 2341 omnes
2872 2274 3019 2341 artis
3073 2285 3328 2341 nostrae
3384 2274 3626 2362 peritos
3687 2275 3837 2342 satis
3893 2265 4166 2345 constat.

2602 2374 2795 2455 Quod
2859 2398 3010 2442 vero
3069 2397 3201 2442 ιιοιι
3265 2377 3556 2445 obstante
3619 2388 3870 2445 senatus
3926 2378 4168 2459 edicte,

2602 2478 2749 2559 etsi,
2804 2477 2979 2564 quod
3032 2476 3256 2544 eo'dem
3300 2478 3449 2544 loco
3494 2477 3672 2565 addit
3714 2480 3877 2562 Dio,
3935 2476 4170 2546 effectu

2600 2598 2735 2645 non
2776 2576 3002 2660 caruit,
3048 2580 3221 2647 obvii
3262 2591 3470 2647 tamen
3513 2578 3831 2669 hodieque
3875 2582 4003 2648 sint
4047 2584 4169 2648 Ca-

2601 2681 2830 2768 ligulae
2882 2678 3054 2747 numi
3106 2684 3318 2765 aenei,
3382 2684 3449 2748 in
3503 2704 3690 2751 causa
3741 2680 3912 2749 haud
3971 2681 4172 2750 dubie
4187 2700 4212 2723 “-

2598 2792 2726 2867 est,
2779 2784 3004 2872 partim
3060 2784 3212 2874 quia
3259 2784 3352 2852 ira
3391 2785 3458 2852 in
3501 2807 3728 2853 numos
3771 2794 4168 2878 praesentes,

2598 2896 2664 2952 et
2724 2887 2830 2973 qui
2879 2885 3102 2953 redimi
3143 2886 3327 2953 facile
3376 2899 3700 2986 poterant,
3764 2887 4198 2968 desaevierit„

2599 2989 2828 3068 eaque,
2886 2997 2957 3049 ut
3009 2988 3112 3067 fit,
3167 2989 3491 3072 paullatim
3547 2969 3955 3074 deferbuerit,
4019 3010 4170 3079 par-

2599 3086 2741 3184 tim,
2809 3084 2954 3171 quia
3009 3086 3211 3173 sparsi
3266 3091 3401 3171 jam
3452 3102 3638 3154 toto
3661 3094 3924 3177 imperio
3993 3092 4176 3159 numi

2600 3188 2966 3274 imperatum
3051 3188 3308 3254 exitium
3380 3188 3562 3256 facile
3638 3190 3928 3259 vitavere.
4038 3195 4218 3259 Te-.

2601 3298 2804 3355 stante
2888 3290 3110 3355 iterum
3195 3290 3405 3356 Dione
3435 3289 3484 3375 ‘)
3501 3339 3520 3373 ,
3608 3314 3815 3381 eoque
3897 3313 4174 3378 coaeve,

2605 3387 2925 3455 Caracalla
3017 3389 3223 3458 fratris
3315 3394 3514 3459 Getae
3610 3395 3764 3462 odio
3849 3403 4176 3464 monetam

2604 3477 2738 3575 ejus
2805 3490 3129 3574 conflavit,
3197 3513 3278 3559 an
3342 3516 3494 3561 vero
3551 3496 3884 3585 impetrare
3923 3501 4176 3586 potuit,

2604 3602 2675 3658 ut
2724 3613 2856 3658 ιιοιι
2908 3593 2975 3660 in
3030 3593 3198 3661 hunc
3264 3585 3460 3682 usque
3518 3596 3689 3665 diem
3740 3601 3935 3667 Getae
3992 3603 4174 3668 numi

2605 3695 2672 3760 in
2714 3697 2885 3762 omni
2927 3695 3181 3763 metallo
3228 3693 3591 3781 abundent?

2775 3798 2984 3886 Atque
3043 3809 3111 3865 ut
3163 3798 3442 3885 longiori
3505 3799 3925 3890 disquisitioni
3981 3803 4176 3872 finem

2616 3893 2914 4008 denique
2947 3894 3294 3987 imponam,
3337 3902 3531 3968 satis
3596 3925 3742 3972 reor
3805 3906 3935 3988 his,
4012 3929 4175 3995 quae

2616 4001 3128 4086 commemoravi,-
3228 3965 3601 4090 argumentis
3686 4008 4015 4077 stabilitam
4077 4012 4173 4077 vi·
4273 3985 4304 4004 ⁸

2618 4101 2755 4168 deri
2806 4102 3000 4184 hanc,
3074 4103 3158 4171 de
3200 4120 3331 4222 qua
3391 4103 3660 4191 agimus,
3723 4109 3885 4179 inter
3942 4112 4175 4198 punci-

2614 4224 2729 4290 pes
2787 4214 2851 4270 et
2892 4215 3172 4273 senatum
3225 4208 3319 4273 rei
3360 4210 3737 4276 monetariae
3779 4211 4177 4297 divisionem,

2619 4316 2804 4392 atque
2866 4305 3034 4373 hunc
3081 4312 3189 4393 jus
3253 4331 3431 4382 suum
3491 4311 3726 4380 inserto
3769 4315 3896 4396 S.
3923 4316 4001 4384 C.
4057 4338 4177 4382 vo-

2618 4405 2811 4473 luisse
2895 4407 3175 4476 indicari.
3288 4411 3634 4482 Enimvero·
3701 4431 3844 4482 cum
3905 4425 4178 4501 constet,

4115 4573 4182 4582 0-
