<?xml version="1.0" encoding="UTF-8"?>
<!DOCTYPE html PUBLIC "-//W3C//DTD XHTML 1.0 Transitional//EN"
    "http://www.w3.org/TR/xhtml1/DTD/xhtml1-transitional.dtd">
<html xmlns="http://www.w3.org/1999/xhtml" xml:lang="en" lang="en">
 <head>
  <title>
</title>
<meta http-equiv="Content-Type" content="text/html;charset=utf-8" />
  <meta name='ocr-system' content='tesseract 3.04.00' />
  <meta name='ocr-capabilities' content='ocr_page ocr_carea ocr_par ocr_line ocrx_word'/>
</head>
<body>
  <div class='ocr_page' id='page_1' title='image "./doctrinanumorum11unkngoog/doctrinanumorum11unkngoog_0145.png"; bbox 0 0 4500 5650; ppageno 0'>
   <div class='ocr_carea' id='block_1_1' title="bbox 1448 446 3578 575">
    <p class='ocr_par' dir='ltr' id='par_1_1' title="bbox 1448 446 3578 575">
     <span class='ocr_line' id='line_1_1' title="bbox 1448 446 3578 575; baseline 0.003 -7"><span class='ocrx_word' id='word_1_1' title='bbox 1448 496 1505 568; x_wconf 89' lang='lat' dir='ltr'>c</span> <span class='ocrx_word' id='word_1_2' title='bbox 1554 496 1615 568; x_wconf 79' lang='lat' dir='ltr'>A</span> <span class='ocrx_word' id='word_1_3' title='bbox 1666 498 1728 568; x_wconf 86' lang='lat' dir='ltr'><strong>P</strong></span> <span class='ocrx_word' id='word_1_4' title='bbox 1772 446 1846 566; x_wconf 51' lang='lat' dir='ltr'>&#39;v</span> <span class='ocrx_word' id='word_1_5' title='bbox 1898 498 1965 568; x_wconf 88' lang='grc' dir='ltr'><strong>Τ</strong></span> <span class='ocrx_word' id='word_1_6' title='bbox 2069 497 2321 572; x_wconf 83' lang='lat' dir='ltr'>xvnr.</span> <span class='ocrx_word' id='word_1_7' title='bbox 2785 478 2798 493; x_wconf 90' lang='lat'><em>&#39;</em></span> <span class='ocrx_word' id='word_1_8' title='bbox 3372 522 3494 575; x_wconf 67' lang='grc' dir='ltr'>ω</span> <span class='ocrx_word' id='word_1_9' title='bbox 3571 486 3578 493; x_wconf 81' lang='grc'><strong>’</strong></span> 
     </span>
    </p>
   </div>
   <div class='ocr_carea' id='block_1_2' title="bbox 279 638 3580 855">
    <p class='ocr_par' dir='ltr' id='par_1_2' title="bbox 279 638 3580 855">
     <span class='ocr_line' id='line_1_2' title="bbox 279 638 3491 750; baseline 0.002 -25"><span class='ocrx_word' id='word_1_10' title='bbox 279 680 442 749; x_wconf 78' lang='lat' dir='ltr'>quas</span> <span class='ocrx_word' id='word_1_11' title='bbox 480 650 741 749; x_wconf 80' lang='lat' dir='ltr'>peracto</span> <span class='ocrx_word' id='word_1_12' title='bbox 786 674 982 749; x_wconf 76' lang='lat' dir='ltr'>qpere</span> <span class='ocrx_word' id='word_1_13' title='bbox 1035 653 1261 725; x_wconf 86' lang='lat' dir='ltr'>diurno</span> <span class='ocrx_word' id='word_1_14' title='bbox 1317 666 1859 746; x_wconf 66' lang='lat' dir='ltr'><strong>repraesentarent</strong></span> <span class='ocrx_word' id='word_1_15' title='bbox 1923 660 2207 727; x_wconf 85' lang='lat' dir='ltr'>instituto</span> <span class='ocrx_word' id='word_1_16' title='bbox 2275 659 2626 746; x_wconf 81' lang='lat' dir='ltr'>subjecere,</span> <span class='ocrx_word' id='word_1_17' title='bbox 2717 660 2948 727; x_wconf 86' lang='lat' dir='ltr'>deinde</span> <span class='ocrx_word' id='word_1_18' title='bbox 3011 663 3155 750; x_wconf 85' lang='lat' dir='ltr'>quia</span> <span class='ocrx_word' id='word_1_19' title='bbox 3221 638 3302 728; x_wconf 77' lang='lat' dir='ltr'>ad</span> <span class='ocrx_word' id='word_1_20' title='bbox 3365 654 3491 730; x_wconf 76' lang='lat' dir='ltr'>for-</span> 
     </span>
     <span class='ocr_line' id='line_1_3' title="bbox 279 754 3580 855; baseline 0.002 -28"><span class='ocrx_word' id='word_1_21' title='bbox 279 761 638 855; x_wconf 72' lang='lat' dir='ltr'>praefecto,</span> <span class='ocrx_word' id='word_1_22' title='bbox 729 759 902 828; x_wconf 80' lang='lat' dir='ltr'>velut</span> <span class='ocrx_word' id='word_1_23' title='bbox 965 758 1208 827; x_wconf 87' lang='lat' dir='ltr'>indices</span> <span class='ocrx_word' id='word_1_24' title='bbox 1282 760 1531 829; x_wconf 84' lang='lat' dir='ltr'>locatae</span> <span class='ocrx_word' id='word_1_25' title='bbox 1603 774 1853 850; x_wconf 78' lang='lat' dir='ltr'>operae,</span> <span class='ocrx_word' id='word_1_26' title='bbox 1920 754 2154 828; x_wconf 79' lang='lat' dir='ltr'>manda</span> <span class='ocrx_word' id='word_1_27' title='bbox 2208 760 2368 828; x_wconf 82' lang='lat' dir='ltr'>haee</span> <span class='ocrx_word' id='word_1_28' title='bbox 2418 763 2596 848; x_wconf 85' lang='lat' dir='ltr'>signa</span> <span class='ocrx_word' id='word_1_29' title='bbox 2647 763 2792 850; x_wconf 84' lang='lat' dir='ltr'>plus</span> <span class='ocrx_word' id='word_1_30' title='bbox 2845 764 3165 851; x_wconf 81' lang='lat' dir='ltr'>dignitatis</span> <span class='ocrx_word' id='word_1_31' title='bbox 3231 766 3493 832; x_wconf 75' lang='lat' dir='ltr'>attulere</span> <span class='ocrx_word' id='word_1_32' title='bbox 3557 780 3580 793; x_wconf 74' lang='grc'><em>”</em></span> 
     </span>
    </p>
   </div>
   <div class='ocr_carea' id='block_1_3' title="bbox 148 861 3686 967">
    <p class='ocr_par' dir='ltr' id='par_1_3' title="bbox 148 861 3686 967">
     <span class='ocr_line' id='line_1_4' title="bbox 148 861 3686 967; baseline -0.002 -27"><span class='ocrx_word' id='word_1_33' title='bbox 148 930 157 939; x_wconf 89' lang='grc'><strong>.</strong></span> <span class='ocrx_word' id='word_1_34' title='bbox 282 877 351 933; x_wconf 78' lang='lat' dir='ltr'>et</span> <span class='ocrx_word' id='word_1_35' title='bbox 401 876 701 954; x_wconf 73' lang='lat' dir='ltr'>quantum</span> <span class='ocrx_word' id='word_1_36' title='bbox 760 861 1025 950; x_wconf 79' lang='lat' dir='ltr'>rependi</span> <span class='ocrx_word' id='word_1_37' title='bbox 1078 862 1195 928; x_wconf 87' lang='lat' dir='ltr'>iis</span> <span class='ocrx_word' id='word_1_38' title='bbox 1212 874 1522 953; x_wconf 86' lang='lat' dir='ltr'>oporteat.</span> <span class='ocrx_word' id='word_1_39' title='bbox 1619 866 1723 931; x_wconf 84' lang='lat' dir='ltr'>Ex</span> <span class='ocrx_word' id='word_1_40' title='bbox 1776 867 1856 931; x_wconf 90' lang='lat' dir='ltr'>si·</span> <span class='ocrx_word' id='word_1_41' title='bbox 1924 864 2155 932; x_wconf 86' lang='lat' dir='ltr'>incusis</span> <span class='ocrx_word' id='word_1_42' title='bbox 2226 865 2577 946; x_wconf 78' lang='lat' dir='ltr'>numinum,</span> <span class='ocrx_word' id='word_1_43' title='bbox 2666 866 3091 955; x_wconf 77' lang='lat' dir='ltr'>principumve</span> <span class='ocrx_word' id='word_1_44' title='bbox 3165 868 3493 967; x_wconf 80' lang='lat' dir='ltr'>capitibus,</span> <span class='ocrx_word' id='word_1_45' title='bbox 3531 866 3548 889; x_wconf 71' lang='grc'><strong>“</strong></span> <span class='ocrx_word' id='word_1_46' title='bbox 3677 874 3686 883; x_wconf 88' lang='grc'><em>“</em></span> 
     </span>
    </p>
   </div>
   <div class='ocr_carea' id='block_1_4' title="bbox 280 964 3491 1055">
    <p class='ocr_par' dir='ltr' id='par_1_4' title="bbox 280 964 3491 1055">
     <span class='ocr_line' id='line_1_5' title="bbox 280 964 3491 1055; baseline 0.001 -22"><span class='ocrx_word' id='word_1_47' title='bbox 280 966 417 1052; x_wconf 78' lang='lat' dir='ltr'>mili</span> <span class='ocrx_word' id='word_1_48' title='bbox 482 988 673 1034; x_wconf 86' lang='lat' dir='ltr'>causa</span> <span class='ocrx_word' id='word_1_49' title='bbox 729 975 954 1033; x_wconf 86' lang='lat' dir='ltr'>nostro</span> <span class='ocrx_word' id='word_1_50' title='bbox 1019 986 1272 1055; x_wconf 85' lang='lat' dir='ltr'>quoque</span> <span class='ocrx_word' id='word_1_51' title='bbox 1337 990 1497 1034; x_wconf 87' lang='lat' dir='ltr'>aevo</span> <span class='ocrx_word' id='word_1_52' title='bbox 1549 970 1617 1033; x_wconf 89' lang='lat' dir='ltr'>in</span> <span class='ocrx_word' id='word_1_53' title='bbox 1669 968 1856 1034; x_wconf 76' lang='lat' dir='ltr'>variis</span> <span class='ocrx_word' id='word_1_54' title='bbox 1923 967 2142 1034; x_wconf 83' lang='lat' dir='ltr'>aliisve</span> <span class='ocrx_word' id='word_1_55' title='bbox 2184 964 2407 1055; x_wconf 78' lang='lat' dir='ltr'><strong>sigillis</strong></span> <span class='ocrx_word' id='word_1_56' title='bbox 2445 967 2688 1033; x_wconf 82' lang='lat' dir='ltr'>affabre</span> <span class='ocrx_word' id='word_1_57' title='bbox 2741 971 3114 1053; x_wconf 61' lang='lat' dir='ltr'>elaboratis,</span> <span class='ocrx_word' id='word_1_58' title='bbox 3176 992 3314 1036; x_wconf 88' lang='lat' dir='ltr'>cum</span> <span class='ocrx_word' id='word_1_59' title='bbox 3361 971 3491 1037; x_wconf 91' lang='lat' dir='ltr'>Ro·</span> 
     </span>
    </p>
   </div>
   <div class='ocr_carea' id='block_1_5' title="bbox 158 1067 3490 1160">
    <p class='ocr_par' dir='ltr' id='par_1_5' title="bbox 158 1067 3490 1160">
     <span class='ocr_line' id='line_1_6' title="bbox 158 1067 3490 1160; baseline 0.001 -24"><span class='ocrx_word' id='word_1_60' title='bbox 158 1097 163 1100; x_wconf 64' lang='grc'><strong><em>’</em></strong></span> <span class='ocrx_word' id='word_1_61' title='bbox 280 1070 609 1138; x_wconf 83' lang='lat' dir='ltr'>hominnm</span> <span class='ocrx_word' id='word_1_62' title='bbox 706 1067 1114 1137; x_wconf 79' lang='lat' dir='ltr'>societatibus</span> <span class='ocrx_word' id='word_1_63' title='bbox 1212 1070 1455 1157; x_wconf 83' lang='lat' dir='ltr'>porrigi</span> <span class='ocrx_word' id='word_1_64' title='bbox 1552 1080 1853 1155; x_wconf 66' lang='lat' dir='ltr'>tesseram,</span> <span class='ocrx_word' id='word_1_65' title='bbox 1922 1091 2244 1136; x_wconf 85' lang='lat' dir='ltr'>manorum</span> <span class='ocrx_word' id='word_1_66' title='bbox 2312 1073 2489 1158; x_wconf 87' lang='lat' dir='ltr'>signa</span> <span class='ocrx_word' id='word_1_67' title='bbox 2529 1071 2942 1160; x_wconf 85' lang='lat' dir='ltr'>plerumque·</span> <span class='ocrx_word' id='word_1_68' title='bbox 2988 1082 3228 1139; x_wconf 82' lang='lat' dir='ltr'>tantum</span> <span class='ocrx_word' id='word_1_69' title='bbox 3291 1073 3490 1140; x_wconf 88' lang='lat' dir='ltr'>literis</span> 
     </span>
    </p>
   </div>
   <div class='ocr_carea' id='block_1_6' title="bbox 218 1170 3576 2078">
    <p class='ocr_par' dir='ltr' id='par_1_6' title="bbox 254 1170 3576 1672">
     <span class='ocr_line' id='line_1_7' title="bbox 254 1170 3360 1270; baseline -0.001 -29.971"><span class='ocrx_word' id='word_1_70' title='bbox 254 1172 445 1270; x_wconf 79' lang='lat' dir='ltr'>&#39;quas</span> <span class='ocrx_word' id='word_1_71' title='bbox 515 1170 693 1241; x_wconf 78' lang='lat' dir='ltr'>Galli</span> <span class='ocrx_word' id='word_1_72' title='bbox 759 1171 1037 1249; x_wconf 65' lang='lat' dir='ltr'>merem</span> <span class='ocrx_word' id='word_1_73' title='bbox 1107 1171 1458 1265; x_wconf 72' lang='lat' dir='ltr'>appellant,</span> <span class='ocrx_word' id='word_1_74' title='bbox 1546 1181 1610 1239; x_wconf 89' lang='lat' dir='ltr'>et</span> <span class='ocrx_word' id='word_1_75' title='bbox 1695 1194 1855 1260; x_wconf 86' lang='lat' dir='ltr'>quae</span> <span class='ocrx_word' id='word_1_76' title='bbox 1922 1194 2209 1245; x_wconf 86' lang='lat' dir='ltr'>earumve</span> <span class='ocrx_word' id='word_1_77' title='bbox 2251 1175 2520 1243; x_wconf 73' lang='lat' dir='ltr'>nexibus</span> <span class='ocrx_word' id='word_1_78' title='bbox 2564 1183 2952 1254; x_wconf 71' lang='lat' dir='ltr'>constarent,</span> <span class='ocrx_word' id='word_1_79' title='bbox 2997 1184 3067 1239; x_wconf 90' lang='lat' dir='ltr'>ut</span> <span class='ocrx_word' id='word_1_80' title='bbox 3110 1174 3360 1242; x_wconf 80' lang='lat' dir='ltr'>dictum.</span> 
     </span>
     <span class='ocr_line' id='line_1_8' title="bbox 266 1260 3558 1367; baseline -0 -25"><span class='ocrx_word' id='word_1_81' title='bbox 266 1276 385 1342; x_wconf 82' lang='lat' dir='ltr'>-vel</span> <span class='ocrx_word' id='word_1_82' title='bbox 441 1296 668 1363; x_wconf 75' lang='lat' dir='ltr'>cupre,</span> <span class='ocrx_word' id='word_1_83' title='bbox 746 1260 863 1342; x_wconf 61' lang='lat' dir='ltr'>vet</span> <span class='ocrx_word' id='word_1_84' title='bbox 909 1273 1233 1362; x_wconf 84' lang='lat' dir='ltr'>plumbo,··</span> <span class='ocrx_word' id='word_1_85' title='bbox 1276 1275 1381 1343; x_wconf 87' lang='lat' dir='ltr'>vel</span> <span class='ocrx_word' id='word_1_86' title='bbox 1433 1274 1679 1356; x_wconf 79' lang='lat' dir='ltr'>charta,</span> <span class='ocrx_word' id='word_1_87' title='bbox 1751 1274 1857 1340; x_wconf 89' lang='lat' dir='ltr'>vel</span> <span class='ocrx_word' id='word_1_88' title='bbox 2095 1278 2411 1345; x_wconf 77' lang='lat' dir='ltr'><strong>Successit</strong></span> <span class='ocrx_word' id='word_1_89' title='bbox 2463 1276 2868 1367; x_wconf 80' lang='lat' dir='ltr'>Pellerinius,</span> <span class='ocrx_word' id='word_1_90' title='bbox 2938 1276 3044 1363; x_wconf 83' lang='lat' dir='ltr'>qui</span> <span class='ocrx_word' id='word_1_91' title='bbox 3102 1276 3268 1342; x_wconf 87' lang='lat' dir='ltr'>binis</span> <span class='ocrx_word' id='word_1_92' title='bbox 3325 1275 3488 1343; x_wconf 74' lang='lat' dir='ltr'>loeis</span> <span class='ocrx_word' id='word_1_93' title='bbox 3545 1288 3558 1297; x_wconf 63' lang='lat'><strong>⁹</strong></span> 
     </span>
     <span class='ocr_line' id='line_1_9' title="bbox 284 1375 3494 1469; baseline -0.001 -24"><span class='ocrx_word' id='word_1_94' title='bbox 284 1398 659 1466; x_wconf 82' lang='lat' dir='ltr'>quacunque</span> <span class='ocrx_word' id='word_1_95' title='bbox 697 1376 823 1443; x_wconf 80' lang='lat' dir='ltr'>alia</span> <span class='ocrx_word' id='word_1_96' title='bbox 865 1376 1122 1445; x_wconf 89' lang='lat' dir='ltr'>materia</span> <span class='ocrx_word' id='word_1_97' title='bbox 1163 1386 1474 1445; x_wconf 83' lang='lat' dir='ltr'>constant.</span> <span class='ocrx_word' id='word_1_98' title='bbox 1560 1376 1854 1445; x_wconf 78' lang='lat' dir='ltr'>Eundem</span> <span class='ocrx_word' id='word_1_99' title='bbox 1922 1399 2096 1444; x_wconf 82' lang='lat' dir='ltr'>snam</span> <span class='ocrx_word' id='word_1_100' title='bbox 2150 1379 2233 1445; x_wconf 87' lang='lat' dir='ltr'>dc</span> <span class='ocrx_word' id='word_1_101' title='bbox 2287 1376 2387 1444; x_wconf 85' lang='lat' dir='ltr'>his</span> <span class='ocrx_word' id='word_1_102' title='bbox 2441 1381 2808 1446; x_wconf 86' lang='lat' dir='ltr'>sententiam</span> <span class='ocrx_word' id='word_1_103' title='bbox 2855 1375 3253 1469; x_wconf 53' lang='lat' dir='ltr'>exposuith).</span> <span class='ocrx_word' id='word_1_104' title='bbox 3340 1378 3494 1443; x_wconf 81' lang='lat' dir='ltr'>Exi-</span> 
     </span>
     <span class='ocr_line' id='line_1_10' title="bbox 280 1474 3576 1569; baseline -0.001 -21"><span class='ocrx_word' id='word_1_105' title='bbox 280 1481 380 1548; x_wconf 80' lang='lat' dir='ltr'>his</span> <span class='ocrx_word' id='word_1_106' title='bbox 435 1481 639 1548; x_wconf 81' lang='lat' dir='ltr'>numia</span> <span class='ocrx_word' id='word_1_107' title='bbox 691 1502 872 1549; x_wconf 81' lang='lat' dir='ltr'>usum</span> <span class='ocrx_word' id='word_1_108' title='bbox 927 1482 983 1547; x_wconf 86' lang='lat' dir='ltr'>si</span> <span class='ocrx_word' id='word_1_109' title='bbox 1038 1474 1356 1561; x_wconf 78' lang='lat' dir='ltr'><strong>dabimus,</strong></span> <span class='ocrx_word' id='word_1_110' title='bbox 1422 1479 1604 1547; x_wconf 83' lang='lat' dir='ltr'>facile</span> <span class='ocrx_word' id='word_1_111' title='bbox 1656 1481 1854 1569; x_wconf 79' lang='lat' dir='ltr'>expli·</span> <span class='ocrx_word' id='word_1_112' title='bbox 1922 1481 2159 1562; x_wconf 84' lang='lat' dir='ltr'>stimat,</span> <span class='ocrx_word' id='word_1_113' title='bbox 2214 1482 2492 1549; x_wconf 84' lang='lat' dir='ltr'>civitates</span> <span class='ocrx_word' id='word_1_114' title='bbox 2549 1484 2824 1550; x_wconf 83' lang='lat' dir='ltr'>Graecas</span> <span class='ocrx_word' id='word_1_115' title='bbox 2885 1480 3087 1565; x_wconf 74' lang='lat' dir='ltr'>numia</span> <span class='ocrx_word' id='word_1_116' title='bbox 3142 1474 3492 1549; x_wconf 76' lang='lat' dir='ltr'>exterarum</span> <span class='ocrx_word' id='word_1_117' title='bbox 3563 1490 3576 1503; x_wconf 79' lang='lat'><em>‘</em></span> 
     </span>
     <span class='ocr_line' id='line_1_11' title="bbox 282 1581 3498 1672; baseline -0.001 -22"><span class='ocrx_word' id='word_1_118' title='bbox 282 1592 485 1651; x_wconf 73' lang='lat' dir='ltr'>catum</span> <span class='ocrx_word' id='word_1_119' title='bbox 539 1583 619 1649; x_wconf 86' lang='lat' dir='ltr'>iri</span> <span class='ocrx_word' id='word_1_120' title='bbox 660 1604 925 1651; x_wconf 74' lang='lat' dir='ltr'>causam</span> <span class='ocrx_word' id='word_1_121' title='bbox 954 1582 1221 1651; x_wconf 70' lang='lat' dir='ltr'>duorum</span> <span class='ocrx_word' id='word_1_122' title='bbox 1262 1581 1367 1650; x_wconf 85' lang='lat' dir='ltr'>vel</span> <span class='ocrx_word' id='word_1_123' title='bbox 1409 1583 1594 1649; x_wconf 85' lang='lat' dir='ltr'>trium</span> <span class='ocrx_word' id='word_1_124' title='bbox 1637 1584 1704 1650; x_wconf 82' lang='lat' dir='ltr'>iu</span> <span class='ocrx_word' id='word_1_125' title='bbox 1746 1605 1863 1651; x_wconf 79' lang='lat' dir='ltr'>eo·-</span> <span class='ocrx_word' id='word_1_126' title='bbox 1924 1584 2238 1651; x_wconf 86' lang='lat' dir='ltr'>civitatum</span> <span class='ocrx_word' id='word_1_127' title='bbox 2312 1606 2437 1672; x_wconf 88' lang='lat' dir='ltr'>ope</span> <span class='ocrx_word' id='word_1_128' title='bbox 2513 1585 2888 1652; x_wconf 84' lang='lat' dir='ltr'>commercii·</span> <span class='ocrx_word' id='word_1_129' title='bbox 2940 1582 3023 1649; x_wconf 89' lang='lat' dir='ltr'>ad</span> <span class='ocrx_word' id='word_1_130' title='bbox 3097 1604 3167 1648; x_wconf 89' lang='lat' dir='ltr'>se</span> <span class='ocrx_word' id='word_1_131' title='bbox 3235 1582 3498 1663; x_wconf 82' lang='lat' dir='ltr'>delatis,</span> 
     </span>
    </p>

    <p class='ocr_par' dir='ltr' id='par_1_7' title="bbox 218 1678 3576 2078">
     <span class='ocr_line' id='line_1_12' title="bbox 218 1678 3576 1772; baseline -0 -20"><span class='ocrx_word' id='word_1_132' title='bbox 218 1694 225 1701; x_wconf 80' lang='grc'><strong><em>’</em></strong></span> <span class='ocrx_word' id='word_1_133' title='bbox 282 1684 439 1753; x_wconf 86' lang='lat' dir='ltr'>dem</span> <span class='ocrx_word' id='word_1_134' title='bbox 470 1706 666 1752; x_wconf 87' lang='lat' dir='ltr'>numo</span> <span class='ocrx_word' id='word_1_135' title='bbox 710 1688 1025 1772; x_wconf 85' lang='lat' dir='ltr'>signorum</span> <span class='ocrx_word' id='word_1_136' title='bbox 1066 1686 1447 1751; x_wconf 73' lang='lat' dir='ltr'>irrcusorum.</span> <span class='ocrx_word' id='word_1_137' title='bbox 1519 1685 1660 1751; x_wconf 87' lang='lat' dir='ltr'>Etsi</span> <span class='ocrx_word' id='word_1_138' title='bbox 1690 1678 1855 1750; x_wconf 84' lang='lat' dir='ltr'>e&#39;nim</span> <span class='ocrx_word' id='word_1_139' title='bbox 1924 1681 2062 1752; x_wconf 71' lang='lat' dir='ltr'>cuni</span> <span class='ocrx_word' id='word_1_140' title='bbox 2107 1687 2278 1757; x_wconf 87' lang='lat' dir='ltr'>istud</span> <span class='ocrx_word' id='word_1_141' title='bbox 2336 1709 2373 1753; x_wconf 90' lang='lat' dir='ltr'>e</span> <span class='ocrx_word' id='word_1_142' title='bbox 2429 1709 2522 1753; x_wconf 83' lang='lat' dir='ltr'>re.</span> <span class='ocrx_word' id='word_1_143' title='bbox 2553 1688 2753 1754; x_wconf 85' lang='lat' dir='ltr'>visum</span> <span class='ocrx_word' id='word_1_144' title='bbox 2805 1685 2952 1767; x_wconf 73' lang='lat' dir='ltr'>fuit,</span> <span class='ocrx_word' id='word_1_145' title='bbox 3005 1685 3332 1752; x_wconf 84' lang='lat' dir='ltr'>arbitraria</span> <span class='ocrx_word' id='word_1_146' title='bbox 3379 1687 3491 1751; x_wconf 88' lang='lat' dir='ltr'>im·</span> <span class='ocrx_word' id='word_1_147' title='bbox 3527 1712 3536 1723; x_wconf 89' lang='lat'><strong>·</strong></span> <span class='ocrx_word' id='word_1_148' title='bbox 3569 1754 3576 1761; x_wconf 71' lang='grc'>,</span> 
     </span>
     <span class='ocr_line' id='line_1_13' title="bbox 284 1778 3492 1877; baseline 0.001 -22"><span class='ocrx_word' id='word_1_149' title='bbox 284 1809 509 1855; x_wconf 83' lang='lat' dir='ltr'>numus</span> <span class='ocrx_word' id='word_1_150' title='bbox 562 1804 691 1854; x_wconf 84' lang='lat' dir='ltr'>uno</span> <span class='ocrx_word' id='word_1_151' title='bbox 733 1790 869 1873; x_wconf 88' lang='lat' dir='ltr'>jam</span> <span class='ocrx_word' id='word_1_152' title='bbox 922 1787 1105 1872; x_wconf 88' lang='lat' dir='ltr'>signo</span> <span class='ocrx_word' id='word_1_153' title='bbox 1150 1795 1404 1853; x_wconf 82' lang='lat' dir='ltr'>notatus</span> <span class='ocrx_word' id='word_1_154' title='bbox 1450 1782 1593 1865; x_wconf 82' lang='lat' dir='ltr'>fuit,</span> <span class='ocrx_word' id='word_1_155' title='bbox 1648 1778 1856 1873; x_wconf 83' lang='lat' dir='ltr'>potnit</span> <span class='ocrx_word' id='word_1_156' title='bbox 1920 1791 2229 1874; x_wconf 72' lang='lat' dir='ltr'>pressisse</span> <span class='ocrx_word' id='word_1_157' title='bbox 2271 1790 2477 1875; x_wconf 84' lang='lat' dir='ltr'>signa,</span> <span class='ocrx_word' id='word_1_158' title='bbox 2534 1789 2760 1877; x_wconf 83' lang='lat' dir='ltr'>quibus</span> <span class='ocrx_word' id='word_1_159' title='bbox 2804 1787 3211 1870; x_wconf 86' lang='lat' dir='ltr'>indicaretur,</span> <span class='ocrx_word' id='word_1_160' title='bbox 3274 1810 3492 1857; x_wconf 84' lang='lat' dir='ltr'>eorum</span> 
     </span>
     <span class='ocr_line' id='line_1_14' title="bbox 254 1887 3489 1985; baseline -0.001 -28"><span class='ocrx_word' id='word_1_161' title='bbox 254 1889 437 1985; x_wconf 33' lang='lat' dir='ltr'>‚addi</span> <span class='ocrx_word' id='word_1_162' title='bbox 497 1888 788 1972; x_wconf 77' lang='lat' dir='ltr'>alterum,</span> <span class='ocrx_word' id='word_1_163' title='bbox 879 1889 1031 1977; x_wconf 86' lang='lat' dir='ltr'>quin</span> <span class='ocrx_word' id='word_1_164' title='bbox 1095 1897 1161 1955; x_wconf 91' lang='lat' dir='ltr'>et</span> <span class='ocrx_word' id='word_1_165' title='bbox 1223 1887 1471 1963; x_wconf 78' lang='lat' dir='ltr'>tertium</span> <span class='ocrx_word' id='word_1_166' title='bbox 1489 1934 1508 1968; x_wconf 90' lang='lat'>,</span> <span class='ocrx_word' id='word_1_167' title='bbox 1595 1889 1855 1975; x_wconf 85' lang='lat' dir='ltr'>ejusque</span> <span class='ocrx_word' id='word_1_168' title='bbox 1923 1911 2103 1957; x_wconf 87' lang='lat' dir='ltr'>usum</span> <span class='ocrx_word' id='word_1_169' title='bbox 2162 1891 2359 1955; x_wconf 83' lang='lat' dir='ltr'>instar</span> <span class='ocrx_word' id='word_1_170' title='bbox 2426 1901 2714 1956; x_wconf 84' lang='lat' dir='ltr'>monetae</span> <span class='ocrx_word' id='word_1_171' title='bbox 2782 1890 3163 1955; x_wconf 78' lang='lat' dir='ltr'>domesticae</span> <span class='ocrx_word' id='word_1_172' title='bbox 3234 1890 3489 1976; x_wconf 83' lang='lat' dir='ltr'>permis·</span> 
     </span>
     <span class='ocr_line' id='line_1_15' title="bbox 282 1977 3484 2078; baseline -0.001 -19"><span class='ocrx_word' id='word_1_173' title='bbox 282 1995 351 2059; x_wconf 81' lang='lat' dir='ltr'>in</span> <span class='ocrx_word' id='word_1_174' title='bbox 391 2014 583 2059; x_wconf 78' lang='lat' dir='ltr'>causa</span> <span class='ocrx_word' id='word_1_175' title='bbox 618 1992 858 2059; x_wconf 86' lang='lat' dir='ltr'>intenta</span> <span class='ocrx_word' id='word_1_176' title='bbox 899 2000 1141 2059; x_wconf 78' lang='lat' dir='ltr'>tantum</span> <span class='ocrx_word' id='word_1_177' title='bbox 1182 1988 1405 2056; x_wconf 84' lang='lat' dir='ltr'>haberi</span> <span class='ocrx_word' id='word_1_178' title='bbox 1454 1988 1639 2057; x_wconf 84' lang='lat' dir='ltr'>ratio.</span> <span class='ocrx_word' id='word_1_179' title='bbox 1724 1990 1855 2055; x_wconf 84' lang='lat' dir='ltr'>Ex·</span> <span class='ocrx_word' id='word_1_180' title='bbox 1922 2014 2078 2060; x_wconf 86' lang='lat' dir='ltr'>sum.</span> <span class='ocrx_word' id='word_1_181' title='bbox 2166 1977 2465 2074; x_wconf 78' lang='lat' dir='ltr'>Causam,</span> <span class='ocrx_word' id='word_1_182' title='bbox 2510 2014 2618 2058; x_wconf 87' lang='lat' dir='ltr'>cur</span> <span class='ocrx_word' id='word_1_183' title='bbox 2661 1990 2828 2058; x_wconf 77' lang='lat' dir='ltr'>istud</span> <span class='ocrx_word' id='word_1_184' title='bbox 2873 1992 3239 2078; x_wconf 79' lang='lat' dir='ltr'>conjiceret,</span> <span class='ocrx_word' id='word_1_185' title='bbox 3287 1989 3484 2069; x_wconf 82' lang='lat' dir='ltr'>dedit,</span> 
     </span>
    </p>
   </div>
   <div class='ocr_carea' id='block_1_7' title="bbox 166 2092 3486 2185">
    <p class='ocr_par' dir='ltr' id='par_1_8' title="bbox 166 2092 3486 2185">
     <span class='ocr_line' id='line_1_16' title="bbox 166 2092 3486 2185; baseline -0.001 -22"><span class='ocrx_word' id='word_1_186' title='bbox 166 2126 177 2131; x_wconf 88' lang='grc'>·</span> <span class='ocrx_word' id='word_1_187' title='bbox 287 2095 508 2185; x_wconf 65' lang='lat' dir='ltr'>plicari</span> <span class='ocrx_word' id='word_1_188' title='bbox 557 2096 734 2177; x_wconf 80' lang='lat' dir='ltr'>item,</span> <span class='ocrx_word' id='word_1_189' title='bbox 797 2116 910 2161; x_wconf 86' lang='lat' dir='ltr'>cur</span> <span class='ocrx_word' id='word_1_190' title='bbox 966 2092 1241 2162; x_wconf 80' lang='lat' dir='ltr'>Romani</span> <span class='ocrx_word' id='word_1_191' title='bbox 1289 2102 1578 2158; x_wconf 82' lang='lat' dir='ltr'>monetae</span> <span class='ocrx_word' id='word_1_192' title='bbox 1634 2108 1856 2157; x_wconf 79' lang='lat' dir='ltr'>aureae</span> <span class='ocrx_word' id='word_1_193' title='bbox 1923 2095 2070 2183; x_wconf 86' lang='lat' dir='ltr'>quia</span> <span class='ocrx_word' id='word_1_194' title='bbox 2141 2115 2361 2161; x_wconf 83' lang='lat' dir='ltr'>revera</span> <span class='ocrx_word' id='word_1_195' title='bbox 2429 2092 2730 2161; x_wconf 72' lang='lat' dir='ltr'>habemns</span> <span class='ocrx_word' id='word_1_196' title='bbox 2804 2094 3126 2183; x_wconf 73' lang='lat' dir='ltr'>exempla,</span> <span class='ocrx_word' id='word_1_197' title='bbox 3205 2094 3486 2161; x_wconf 80' lang='lat' dir='ltr'>Graecos</span> 
     </span>
    </p>
   </div>
   <div class='ocr_carea' id='block_1_8' title="bbox 206 2184 3556 4029">
    <p class='ocr_par' dir='ltr' id='par_1_9' title="bbox 206 2184 3556 4029">
     <span class='ocr_line' id='line_1_17' title="bbox 212 2184 3490 2293; baseline -0.002 -26"><span class='ocrx_word' id='word_1_198' title='bbox 212 2288 217 2293; x_wconf 16' lang='grc' dir='ltr'><em>ι</em></span> <span class='ocrx_word' id='word_1_199' title='bbox 290 2208 375 2273; x_wconf 82' lang='lat' dir='ltr'>et</span> <span class='ocrx_word' id='word_1_200' title='bbox 390 2207 725 2285; x_wconf 72' lang='lat' dir='ltr'>argenteae</span> <span class='ocrx_word' id='word_1_201' title='bbox 757 2196 1172 2285; x_wconf 68' lang='lat' dir='ltr'>pepercerint.</span> <span class='ocrx_word' id='word_1_202' title='bbox 1249 2194 1375 2261; x_wconf 87' lang='lat' dir='ltr'>Cur</span> <span class='ocrx_word' id='word_1_203' title='bbox 1403 2184 1568 2260; x_wconf 82' lang='lat' dir='ltr'>enim</span> <span class='ocrx_word' id='word_1_204' title='bbox 1599 2196 1891 2260; x_wconf 76' lang='lat' dir='ltr'>necesse</span> <span class='ocrx_word' id='word_1_205' title='bbox 1916 2216 2053 2263; x_wconf 87' lang='grc' dir='ltr'>ιιοιι</span> <span class='ocrx_word' id='word_1_206' title='bbox 2096 2217 2343 2284; x_wconf 84' lang='lat' dir='ltr'>semper</span> <span class='ocrx_word' id='word_1_207' title='bbox 2394 2205 2685 2261; x_wconf 88' lang='lat' dir='ltr'>monetae</span> <span class='ocrx_word' id='word_1_208' title='bbox 2728 2219 2907 2279; x_wconf 76' lang='lat' dir='ltr'>snas,</span> <span class='ocrx_word' id='word_1_209' title='bbox 2966 2196 3110 2264; x_wconf 89' lang='lat' dir='ltr'>sed</span> <span class='ocrx_word' id='word_1_210' title='bbox 3135 2204 3197 2262; x_wconf 90' lang='lat' dir='ltr'>et</span> <span class='ocrx_word' id='word_1_211' title='bbox 3250 2186 3490 2261; x_wconf 74' lang='lat' dir='ltr'>alienae</span> 
     </span>
     <span class='ocr_line' id='line_1_18' title="bbox 287 2292 3488 2391; baseline -0.002 -22"><span class='ocrx_word' id='word_1_212' title='bbox 287 2299 513 2368; x_wconf 66' lang='lat' dir='ltr'>finisset</span> <span class='ocrx_word' id='word_1_213' title='bbox 548 2298 887 2368; x_wconf 81' lang='lat' dir='ltr'>deformari</span> <span class='ocrx_word' id='word_1_214' title='bbox 930 2307 1245 2366; x_wconf 57' lang='lat' dir='ltr'>moneam</span> <span class='ocrx_word' id='word_1_215' title='bbox 1288 2297 1550 2388; x_wconf 75' lang='lat' dir='ltr'>pretiosi</span> <span class='ocrx_word' id='word_1_216' title='bbox 1597 2293 1852 2378; x_wconf 87' lang='lat' dir='ltr'>metalli,</span> <span class='ocrx_word' id='word_1_217' title='bbox 1923 2298 1991 2365; x_wconf 88' lang='lat' dir='ltr'>id</span> <span class='ocrx_word' id='word_1_218' title='bbox 2045 2319 2242 2384; x_wconf 87' lang='lat' dir='ltr'>genus</span> <span class='ocrx_word' id='word_1_219' title='bbox 2297 2298 2475 2382; x_wconf 87' lang='lat' dir='ltr'>signa</span> <span class='ocrx_word' id='word_1_220' title='bbox 2525 2297 2829 2364; x_wconf 83' lang='lat' dir='ltr'>intulisse.</span> <span class='ocrx_word' id='word_1_221' title='bbox 2954 2297 3213 2391; x_wconf 76' lang='lat' dir='ltr'>Praeter</span> <span class='ocrx_word' id='word_1_222' title='bbox 3263 2292 3488 2364; x_wconf 73' lang='lat' dir='ltr'>numo&#39;s</span> 
     </span>
     <span class='ocr_line' id='line_1_19' title="bbox 287 2398 3488 2488; baseline -0.002 -17"><span class='ocrx_word' id='word_1_223' title='bbox 287 2426 423 2471; x_wconf 85' lang='lat' dir='ltr'>cum</span> <span class='ocrx_word' id='word_1_224' title='bbox 465 2412 721 2482; x_wconf 81' lang='lat' dir='ltr'>moneta</span> <span class='ocrx_word' id='word_1_225' title='bbox 761 2402 1008 2473; x_wconf 84' lang='lat' dir='ltr'>vilioris</span> <span class='ocrx_word' id='word_1_226' title='bbox 1052 2400 1319 2468; x_wconf 87' lang='lat' dir='ltr'>eundem</span> <span class='ocrx_word' id='word_1_227' title='bbox 1361 2400 1637 2488; x_wconf 88' lang='lat' dir='ltr'>potuerit</span> <span class='ocrx_word' id='word_1_228' title='bbox 1676 2420 1861 2467; x_wconf 83' lang='lat' dir='ltr'>usum</span> <span class='ocrx_word' id='word_1_229' title='bbox 1923 2400 2166 2481; x_wconf 83' lang='lat' dir='ltr'>varios,</span> <span class='ocrx_word' id='word_1_230' title='bbox 2254 2420 2417 2488; x_wconf 84' lang='lat' dir='ltr'>quos</span> <span class='ocrx_word' id='word_1_231' title='bbox 2491 2398 2572 2465; x_wconf 87' lang='lat' dir='ltr'>ad</span> <span class='ocrx_word' id='word_1_232' title='bbox 2643 2400 2808 2467; x_wconf 86' lang='lat' dir='ltr'>hanc</span> <span class='ocrx_word' id='word_1_233' title='bbox 2879 2423 3128 2469; x_wconf 82' lang='lat' dir='ltr'>causam</span> <span class='ocrx_word' id='word_1_234' title='bbox 3191 2400 3488 2481; x_wconf 83' lang='lat' dir='ltr'>advocat,</span> 
     </span>
     <span class='ocr_line' id='line_1_20' title="bbox 268 2492 3506 2596; baseline -0.002 -23"><span class='ocrx_word' id='word_1_235' title='bbox 268 2492 641 2596; x_wconf 51' lang='lat' dir='ltr'>‚pi-aestate?</span> <span class='ocrx_word' id='word_1_236' title='bbox 862 2548 871 2553; x_wconf 36' lang='grc' dir='ltr'>ν</span> <span class='ocrx_word' id='word_1_237' title='bbox 1924 2502 2038 2570; x_wconf 86' lang='lat' dir='ltr'>sed</span> <span class='ocrx_word' id='word_1_238' title='bbox 2081 2523 2215 2569; x_wconf 84' lang='lat' dir='ltr'>non</span> <span class='ocrx_word' id='word_1_239' title='bbox 2259 2492 2410 2567; x_wconf 84' lang='lat' dir='ltr'>satis</span> <span class='ocrx_word' id='word_1_240' title='bbox 2454 2501 2755 2585; x_wconf 87' lang='lat' dir='ltr'>idoneos,</span> <span class='ocrx_word' id='word_1_241' title='bbox 2813 2503 3073 2570; x_wconf 80' lang='lat' dir='ltr'>exhibet</span> <span class='ocrx_word' id='word_1_242' title='bbox 3125 2525 3315 2569; x_wconf 89' lang='lat' dir='ltr'>unum</span> <span class='ocrx_word' id='word_1_243' title='bbox 3359 2503 3489 2569; x_wconf 87' lang='lat' dir='ltr'>He·</span> <span class='ocrx_word' id='word_1_244' title='bbox 3499 2510 3506 2515; x_wconf 84' lang='lat'>&#39;</span> 
     </span>
     <span class='ocr_line' id='line_1_21' title="bbox 456 2568 3490 2701; baseline -0.002 -26"><span class='ocrx_word' id='word_1_245' title='bbox 456 2610 558 2676; x_wconf 89' lang='lat' dir='ltr'>En</span> <span class='ocrx_word' id='word_1_246' title='bbox 622 2606 949 2693; x_wconf 77' lang='lat' dir='ltr'>utriusque</span> <span class='ocrx_word' id='word_1_247' title='bbox 1007 2568 1191 2673; x_wconf 75' lang='lat' dir='ltr'>IIviri</span> <span class='ocrx_word' id='word_1_248' title='bbox 1246 2602 1415 2673; x_wconf 74' lang='lat' dir='ltr'>Galli</span> <span class='ocrx_word' id='word_1_249' title='bbox 1479 2603 1561 2671; x_wconf 92' lang='lat' dir='ltr'>de</span> <span class='ocrx_word' id='word_1_250' title='bbox 1621 2602 1855 2669; x_wconf 87' lang='lat' dir='ltr'>incusis</span> <span class='ocrx_word' id='word_1_251' title='bbox 1923 2604 2167 2671; x_wconf 88' lang='lat' dir='ltr'>racleae</span> <span class='ocrx_word' id='word_1_252' title='bbox 2210 2604 2554 2690; x_wconf 84' lang='lat' dir='ltr'>cujuspiam</span> <span class='ocrx_word' id='word_1_253' title='bbox 2597 2605 2897 2687; x_wconf 80' lang='lat' dir='ltr'>incertae,</span> <span class='ocrx_word' id='word_1_254' title='bbox 2956 2607 3020 2671; x_wconf 88' lang='lat' dir='ltr'>in</span> <span class='ocrx_word' id='word_1_255' title='bbox 3066 2609 3242 2701; x_wconf 75' lang='lat' dir='ltr'>cnjus</span> <span class='ocrx_word' id='word_1_256' title='bbox 3285 2597 3490 2671; x_wconf 86' lang='lat' dir='ltr'>antica</span> 
     </span>
     <span class='ocr_line' id='line_1_22' title="bbox 284 2706 3556 2803; baseline -0.001 -27"><span class='ocrx_word' id='word_1_257' title='bbox 284 2706 572 2777; x_wconf 84' lang='lat' dir='ltr'>monetae</span> <span class='ocrx_word' id='word_1_258' title='bbox 626 2710 960 2789; x_wconf 75' lang='lat' dir='ltr'>Romanae</span> <span class='ocrx_word' id='word_1_259' title='bbox 1013 2708 1209 2795; x_wconf 81' lang='lat' dir='ltr'>signis</span> <span class='ocrx_word' id='word_1_260' title='bbox 1244 2707 1523 2803; x_wconf 69' lang='lat' dir='ltr'>Judicia,</span> <span class='ocrx_word' id='word_1_261' title='bbox 1589 2727 1856 2794; x_wconf 88' lang='lat' dir='ltr'>qnorum</span> <span class='ocrx_word' id='word_1_262' title='bbox 1924 2706 2112 2794; x_wconf 83' lang='lat' dir='ltr'>capiti</span> <span class='ocrx_word' id='word_1_263' title='bbox 2184 2706 2520 2772; x_wconf 87' lang='lat' dir='ltr'>Commodi</span> <span class='ocrx_word' id='word_1_264' title='bbox 2587 2707 2966 2797; x_wconf 85' lang='lat' dir='ltr'>insculptum</span> <span class='ocrx_word' id='word_1_265' title='bbox 3037 2720 3136 2775; x_wconf 82' lang='lat' dir='ltr'>est</span> <span class='ocrx_word' id='word_1_266' title='bbox 3211 2709 3488 2789; x_wconf 67' lang='lat' dir='ltr'><em>CAPA„</em></span> <span class='ocrx_word' id='word_1_267' title='bbox 3545 2794 3556 2797; x_wconf 37' lang='grc'>-</span> 
     </span>
     <span class='ocr_line' id='line_1_23' title="bbox 282 2794 3487 2898; baseline -0.001 -17"><span class='ocrx_word' id='word_1_268' title='bbox 282 2812 548 2881; x_wconf 83' lang='lat' dir='ltr'>alterum</span> <span class='ocrx_word' id='word_1_269' title='bbox 599 2810 955 2880; x_wconf 84' lang='lat' dir='ltr'>Mahudelii</span> <span class='ocrx_word' id='word_1_270' title='bbox 1002 2810 1306 2879; x_wconf 76' lang='lat' dir='ltr'>infirmius</span> <span class='ocrx_word' id='word_1_271' title='bbox 1366 2819 1491 2894; x_wconf 80' lang='lat' dir='ltr'>est,</span> <span class='ocrx_word' id='word_1_272' title='bbox 1550 2832 1734 2898; x_wconf 82' lang='lat' dir='ltr'>quam</span> <span class='ocrx_word' id='word_1_273' title='bbox 1785 2818 1859 2877; x_wconf 86' lang='lat' dir='ltr'>ut</span> <span class='ocrx_word' id='word_1_274' title='bbox 1924 2830 2075 2897; x_wconf 84' lang='lat' dir='ltr'>ergo</span> <span class='ocrx_word' id='word_1_275' title='bbox 2138 2831 2180 2875; x_wconf 85' lang='lat' dir='ltr'>a</span> <span class='ocrx_word' id='word_1_276' title='bbox 2236 2794 2560 2877; x_wconf 77' lang='lat' dir='ltr'>Sardianis</span> <span class='ocrx_word' id='word_1_277' title='bbox 2627 2821 2914 2878; x_wconf 84' lang='lat' dir='ltr'>monetae</span> <span class='ocrx_word' id='word_1_278' title='bbox 2980 2821 3232 2880; x_wconf 82' lang='lat' dir='ltr'>exterae</span> <span class='ocrx_word' id='word_1_279' title='bbox 3289 2813 3487 2878; x_wconf 84' lang='lat' dir='ltr'>inser·</span> 
     </span>
     <span class='ocr_line' id='line_1_24' title="bbox 283 2911 3486 3008; baseline -0.001 -25"><span class='ocrx_word' id='word_1_280' title='bbox 283 2915 631 3005; x_wconf 80' lang='lat' dir='ltr'>adprobari</span> <span class='ocrx_word' id='word_1_281' title='bbox 689 2935 885 3003; x_wconf 83' lang='lat' dir='ltr'>posse</span> <span class='ocrx_word' id='word_1_282' title='bbox 942 2913 1261 3000; x_wconf 68' lang='lat' dir='ltr'>videam,</span> <span class='ocrx_word' id='word_1_283' title='bbox 1348 2913 1609 2980; x_wconf 84' lang='lat' dir='ltr'>alterum</span> <span class='ocrx_word' id='word_1_284' title='bbox 1668 2913 1856 2979; x_wconf 85' lang='lat' dir='ltr'>Bozii</span> <span class='ocrx_word' id='word_1_285' title='bbox 1922 2922 2082 2994; x_wconf 89' lang='lat' dir='ltr'>tum,</span> <span class='ocrx_word' id='word_1_286' title='bbox 2138 2921 2228 2992; x_wconf 86' lang='lat' dir='ltr'>et,</span> <span class='ocrx_word' id='word_1_287' title='bbox 2288 2911 2463 2997; x_wconf 85' lang='lat' dir='ltr'>quod</span> <span class='ocrx_word' id='word_1_288' title='bbox 2516 2913 2819 3008; x_wconf 86' lang='lat' dir='ltr'>sequitur,</span> <span class='ocrx_word' id='word_1_289' title='bbox 2876 2935 3037 2993; x_wconf 86' lang='lat' dir='ltr'>non,</span> <span class='ocrx_word' id='word_1_290' title='bbox 3092 2923 3163 2978; x_wconf 89' lang='lat' dir='ltr'>ut</span> <span class='ocrx_word' id='word_1_291' title='bbox 3204 2917 3337 2998; x_wconf 88' lang='lat' dir='ltr'>ejus</span> <span class='ocrx_word' id='word_1_292' title='bbox 3383 2933 3486 2979; x_wconf 86' lang='lat' dir='ltr'>va-</span> 
     </span>
     <span class='ocr_line' id='line_1_25' title="bbox 278 3013 3488 3107; baseline -0.002 -22"><span class='ocrx_word' id='word_1_293' title='bbox 278 3017 683 3107; x_wconf 81' lang='lat' dir='ltr'>probabilius</span> <span class='ocrx_word' id='word_1_294' title='bbox 736 3027 931 3099; x_wconf 85' lang='lat' dir='ltr'>certe,</span> <span class='ocrx_word' id='word_1_295' title='bbox 984 3025 1049 3082; x_wconf 89' lang='lat' dir='ltr'>et</span> <span class='ocrx_word' id='word_1_296' title='bbox 1104 3018 1209 3083; x_wconf 86' lang='lat' dir='ltr'>cui</span> <span class='ocrx_word' id='word_1_297' title='bbox 1257 3035 1577 3106; x_wconf 82' lang='lat' dir='ltr'>accessere</span> <span class='ocrx_word' id='word_1_298' title='bbox 1633 3015 1853 3093; x_wconf 79' lang='lat' dir='ltr'>Flore·</span> <span class='ocrx_word' id='word_1_299' title='bbox 1920 3016 2121 3081; x_wconf 77' lang='lat' dir='ltr'>lorem</span> <span class='ocrx_word' id='word_1_300' title='bbox 2167 3025 2494 3099; x_wconf 83' lang='lat' dir='ltr'>augerent,</span> <span class='ocrx_word' id='word_1_301' title='bbox 2560 3014 2675 3080; x_wconf 83' lang='lat' dir='ltr'>sed</span> <span class='ocrx_word' id='word_1_302' title='bbox 2732 3024 2801 3079; x_wconf 88' lang='lat' dir='ltr'>ut</span> <span class='ocrx_word' id='word_1_303' title='bbox 2856 3013 2949 3078; x_wconf 84' lang='lat' dir='ltr'>illi</span> <span class='ocrx_word' id='word_1_304' title='bbox 3002 3014 3280 3080; x_wconf 85' lang='lat' dir='ltr'>valorem</span> <span class='ocrx_word' id='word_1_305' title='bbox 3321 3014 3488 3080; x_wconf 80' lang='lat' dir='ltr'>intra</span> 
     </span>
     <span class='ocr_line' id='line_1_26' title="bbox 279 3116 2948 3208; baseline -0.002 -21"><span class='ocrx_word' id='word_1_306' title='bbox 279 3122 423 3187; x_wconf 86' lang='lat' dir='ltr'>zius</span> <span class='ocrx_word' id='word_1_307' title='bbox 446 3121 550 3207; x_wconf 80' lang='lat'>⁸),</span> <span class='ocrx_word' id='word_1_308' title='bbox 639 3120 915 3208; x_wconf 85' lang='lat' dir='ltr'>variique</span> <span class='ocrx_word' id='word_1_309' title='bbox 978 3118 1115 3201; x_wconf 87' lang='lat' dir='ltr'>alii,</span> <span class='ocrx_word' id='word_1_310' title='bbox 1208 3121 1342 3205; x_wconf 77' lang='lat' dir='ltr'>ejus</span> <span class='ocrx_word' id='word_1_311' title='bbox 1407 3128 1614 3185; x_wconf 87' lang='lat' dir='ltr'>tamen</span> <span class='ocrx_word' id='word_1_312' title='bbox 1679 3128 1853 3186; x_wconf 83' lang='lat' dir='ltr'>natu·</span> <span class='ocrx_word' id='word_1_313' title='bbox 1921 3117 2078 3185; x_wconf 77' lang='lat' dir='ltr'>fines</span> <span class='ocrx_word' id='word_1_314' title='bbox 2122 3137 2275 3182; x_wconf 88' lang='lat' dir='ltr'>suos</span> <span class='ocrx_word' id='word_1_315' title='bbox 2317 3116 2722 3205; x_wconf 84' lang='lat' dir='ltr'>impertirent.</span> <span class='ocrx_word' id='word_1_316' title='bbox 2901 3132 2948 3188; x_wconf 71' lang='grc'>·,</span> 
     </span>
     <span class='ocr_line' id='line_1_27' title="bbox 276 3215 3484 3308; baseline -0.002 -17"><span class='ocrx_word' id='word_1_317' title='bbox 276 3246 413 3305; x_wconf 84' lang='lat' dir='ltr'>rae,</span> <span class='ocrx_word' id='word_1_318' title='bbox 473 3231 545 3290; x_wconf 88' lang='grc' dir='ltr'>ιιι</span> <span class='ocrx_word' id='word_1_319' title='bbox 595 3225 731 3307; x_wconf 84' lang='lat' dir='ltr'>ejus</span> <span class='ocrx_word' id='word_1_320' title='bbox 782 3223 1065 3288; x_wconf 83' lang='lat' dir='ltr'>meritum</span> <span class='ocrx_word' id='word_1_321' title='bbox 1119 3222 1283 3290; x_wconf 87' lang='lat' dir='ltr'>intra</span> <span class='ocrx_word' id='word_1_322' title='bbox 1338 3224 1737 3308; x_wconf 85' lang='lat' dir='ltr'>conjecturae</span> <span class='ocrx_word' id='word_1_323' title='bbox 1779 3221 1879 3294; x_wconf 90' lang='lat' dir='ltr'>li·</span> <span class='ocrx_word' id='word_1_324' title='bbox 2088 3218 2378 3286; x_wconf 83' lang='lat' dir='ltr'>Praesto</span> <span class='ocrx_word' id='word_1_325' title='bbox 2415 3228 2564 3286; x_wconf 88' lang='lat' dir='ltr'>sunt</span> <span class='ocrx_word' id='word_1_326' title='bbox 2623 3218 2948 3307; x_wconf 76' lang='lat' dir='ltr'>exempla,</span> <span class='ocrx_word' id='word_1_327' title='bbox 3020 3239 3216 3308; x_wconf 84' lang='lat' dir='ltr'>eaque</span> <span class='ocrx_word' id='word_1_328' title='bbox 3287 3215 3484 3286; x_wconf 84' lang='lat' dir='ltr'>multo</span> 
     </span>
     <span class='ocr_line' id='line_1_28' title="bbox 279 3321 3487 3410; baseline -0.001 -18"><span class='ocrx_word' id='word_1_329' title='bbox 279 3327 463 3392; x_wconf 83' lang='lat' dir='ltr'>mites</span> <span class='ocrx_word' id='word_1_330' title='bbox 518 3326 945 3407; x_wconf 73' lang='lat' dir='ltr'>contineatur,</span> <span class='ocrx_word' id='word_1_331' title='bbox 1007 3335 1229 3392; x_wconf 87' lang='lat' dir='ltr'>nostra</span> <span class='ocrx_word' id='word_1_332' title='bbox 1279 3346 1432 3391; x_wconf 86' lang='lat' dir='ltr'>vero</span> <span class='ocrx_word' id='word_1_333' title='bbox 1486 3333 1688 3392; x_wconf 82' lang='lat' dir='ltr'>aetate</span> <span class='ocrx_word' id='word_1_334' title='bbox 1720 3328 1853 3410; x_wconf 89' lang='lat' dir='ltr'>jam</span> <span class='ocrx_word' id='word_1_335' title='bbox 1921 3321 2349 3405; x_wconf 80' lang='lat' dir='ltr'>evidentiora,</span> <span class='ocrx_word' id='word_1_336' title='bbox 2438 3323 2759 3409; x_wconf 83' lang='lat' dir='ltr'>signorum</span> <span class='ocrx_word' id='word_1_337' title='bbox 2830 3332 3126 3389; x_wconf 79' lang='lat' dir='ltr'>monetae</span> <span class='ocrx_word' id='word_1_338' title='bbox 3188 3332 3487 3389; x_wconf 76' lang='lat' dir='ltr'>externae</span> 
     </span>
     <span class='ocr_line' id='line_1_29' title="bbox 278 3424 3486 3517; baseline -0.001 -22"><span class='ocrx_word' id='word_1_339' title='bbox 278 3429 481 3495; x_wconf 86' lang='lat' dir='ltr'>minus</span> <span class='ocrx_word' id='word_1_340' title='bbox 530 3425 821 3496; x_wconf 72' lang='lat' dir='ltr'>validum</span> <span class='ocrx_word' id='word_1_341' title='bbox 854 3427 953 3494; x_wconf 89' lang='lat' dir='ltr'>sit</span> <span class='ocrx_word' id='word_1_342' title='bbox 998 3437 1363 3517; x_wconf 81' lang='lat' dir='ltr'>propterea,</span> <span class='ocrx_word' id='word_1_343' title='bbox 1438 3429 1585 3516; x_wconf 84' lang='lat' dir='ltr'>quia</span> <span class='ocrx_word' id='word_1_344' title='bbox 1642 3430 1854 3495; x_wconf 87' lang='lat' dir='ltr'>omnia</span> <span class='ocrx_word' id='word_1_345' title='bbox 1918 3426 2383 3514; x_wconf 83' lang='lat' dir='ltr'>impressorum.</span> <span class='ocrx_word' id='word_1_346' title='bbox 2497 3424 2779 3492; x_wconf 81' lang='lat' dir='ltr'>Iudicavi</span> <span class='ocrx_word' id='word_1_347' title='bbox 2850 3424 3001 3490; x_wconf 91' lang='lat' dir='ltr'>olim</span> <span class='ocrx_word' id='word_1_348' title='bbox 3067 3447 3293 3493; x_wconf 84' lang='lat' dir='ltr'>numos</span> <span class='ocrx_word' id='word_1_349' title='bbox 3356 3441 3486 3492; x_wconf 84' lang='lat' dir='ltr'>tres</span> 
     </span>
     <span class='ocr_line' id='line_1_30' title="bbox 281 3528 3484 3632; baseline -0.001 -34"><span class='ocrx_word' id='word_1_350' title='bbox 281 3540 697 3619; x_wconf 78' lang='lat' dir='ltr'>argumenta,</span> <span class='ocrx_word' id='word_1_351' title='bbox 760 3553 929 3632; x_wconf 77' lang='lat' dir='ltr'>quae</span> <span class='ocrx_word' id='word_1_352' title='bbox 980 3532 1061 3599; x_wconf 80' lang='lat' dir='ltr'>ab</span> <span class='ocrx_word' id='word_1_353' title='bbox 1113 3532 1347 3602; x_wconf 85' lang='lat' dir='ltr'>incusis</span> <span class='ocrx_word' id='word_1_354' title='bbox 1399 3530 1568 3619; x_wconf 85' lang='lat' dir='ltr'>apud</span> <span class='ocrx_word' id='word_1_355' title='bbox 1620 3531 1851 3598; x_wconf 87' lang='lat' dir='ltr'>Roma·</span> <span class='ocrx_word' id='word_1_356' title='bbox 1919 3550 2003 3594; x_wconf 82' lang='lat' dir='ltr'>ex</span> <span class='ocrx_word' id='word_1_357' title='bbox 2088 3529 2418 3596; x_wconf 86' lang='lat' dir='ltr'>illustrium</span> <span class='ocrx_word' id='word_1_358' title='bbox 2501 3528 3097 3610; x_wconf 79' lang='lat' dir='ltr'>tetradrachmorum</span> <span class='ocrx_word' id='word_1_359' title='bbox 3183 3549 3484 3616; x_wconf 80' lang='lat' dir='ltr'>numero,</span> 
     </span>
     <span class='ocr_line' id='line_1_31' title="bbox 206 3616 3485 3751; baseline -0.001 -51"><span class='ocrx_word' id='word_1_360' title='bbox 206 3705 221 3714; x_wconf 58' lang='grc'>,</span> <span class='ocrx_word' id='word_1_361' title='bbox 280 3655 404 3700; x_wconf 87' lang='lat' dir='ltr'>nos</span> <span class='ocrx_word' id='word_1_362' title='bbox 428 3635 619 3708; x_wconf 81' lang='lat' dir='ltr'>solis</span> <span class='ocrx_word' id='word_1_363' title='bbox 647 3635 858 3704; x_wconf 81' lang='lat' dir='ltr'>aeneis</span> <span class='ocrx_word' id='word_1_364' title='bbox 904 3634 1189 3717; x_wconf 82' lang='lat' dir='ltr'>ducit,s</span> <span class='ocrx_word' id='word_1_365' title='bbox 1157 3643 1377 3722; x_wconf 82' lang='lat' dir='ltr'>suapte</span> <span class='ocrx_word' id='word_1_366' title='bbox 1429 3632 1849 3716; x_wconf 82' lang='lat' dir='ltr'>collabuntur,</span> <span class='ocrx_word' id='word_1_367' title='bbox 1918 3651 2080 3718; x_wconf 87' lang='lat' dir='ltr'>quos</span> <span class='ocrx_word' id='word_1_368' title='bbox 2123 3631 2483 3720; x_wconf 77' lang='lat' dir='ltr'>frequentes</span> <span class='ocrx_word' id='word_1_369' title='bbox 2528 3616 2852 3719; x_wconf 80' lang='lat' dir='ltr'>signavere</span> <span class='ocrx_word' id='word_1_370' title='bbox 2895 3631 3142 3698; x_wconf 75' lang='lat' dir='ltr'>Sidetas</span> <span class='ocrx_word' id='word_1_371' title='bbox 3173 3631 3485 3751; x_wconf 55' lang='lat' dir='ltr'>ffimphy·</span> 
     </span>
     <span class='ocr_line' id='line_1_32' title="bbox 282 3734 3486 3844; baseline -0.001 -42"><span class='ocrx_word' id='word_1_372' title='bbox 282 3738 551 3825; x_wconf 76' lang='lat' dir='ltr'>repertis</span> <span class='ocrx_word' id='word_1_373' title='bbox 608 3759 741 3805; x_wconf 73' lang='lat' dir='ltr'>non</span> <span class='ocrx_word' id='word_1_374' title='bbox 804 3738 1019 3825; x_wconf 78' lang='lat' dir='ltr'>paucis</span> <span class='ocrx_word' id='word_1_375' title='bbox 1082 3737 1316 3812; x_wconf 75' lang='lat' dir='ltr'>incusis</span> <span class='ocrx_word' id='word_1_376' title='bbox 1377 3738 1716 3844; x_wconf 72' lang='lat' dir='ltr'>argenteis,</span> <span class='ocrx_word' id='word_1_377' title='bbox 1782 3745 1853 3803; x_wconf 83' lang='lat' dir='ltr'>ut</span> <span class='ocrx_word' id='word_1_378' title='bbox 1915 3734 2057 3802; x_wconf 88' lang='lat' dir='ltr'>liae.</span> <span class='ocrx_word' id='word_1_379' title='bbox 2148 3736 2396 3802; x_wconf 87' lang='lat' dir='ltr'>Omnes</span> <span class='ocrx_word' id='word_1_380' title='bbox 2441 3744 2568 3801; x_wconf 86' lang='lat' dir='ltr'>tres</span> <span class='ocrx_word' id='word_1_381' title='bbox 2624 3736 2692 3808; x_wconf 82' lang='lat' dir='ltr'>in</span> <span class='ocrx_word' id='word_1_382' title='bbox 2742 3745 2920 3821; x_wconf 87' lang='lat' dir='ltr'>parte</span> <span class='ocrx_word' id='word_1_383' title='bbox 2963 3735 3165 3824; x_wconf 82' lang='lat' dir='ltr'>antica</span> <span class='ocrx_word' id='word_1_384' title='bbox 3197 3735 3486 3802; x_wconf 80' lang='lat' dir='ltr'>incusum</span> 
     </span>
     <span class='ocr_line' id='line_1_33' title="bbox 281 3836 3485 3930; baseline -0.002 -23"><span class='ocrx_word' id='word_1_385' title='bbox 281 3839 539 3930; x_wconf 77' lang='lat' dir='ltr'>dictum.</span> <span class='ocrx_word' id='word_1_386' title='bbox 1896 3836 2156 3903; x_wconf 86' lang='lat' dir='ltr'>habent</span> <span class='ocrx_word' id='word_1_387' title='bbox 2226 3858 2436 3904; x_wconf 86' lang='lat' dir='ltr'>arcum</span> <span class='ocrx_word' id='word_1_388' title='bbox 2519 3848 2584 3905; x_wconf 90' lang='lat' dir='ltr'>et</span> <span class='ocrx_word' id='word_1_389' title='bbox 2661 3837 3045 3927; x_wconf 82' lang='lat' dir='ltr'>pharetram,</span> <span class='ocrx_word' id='word_1_390' title='bbox 3131 3838 3350 3903; x_wconf 88' lang='lat' dir='ltr'>addito</span> <span class='ocrx_word' id='word_1_391' title='bbox 3417 3839 3485 3902; x_wconf 88' lang='lat' dir='ltr'>in</span> 
     </span>
     <span class='ocr_line' id='line_1_34' title="bbox 338 3933 3486 4029; baseline -0 -20"><span class='ocrx_word' id='word_1_392' title='bbox 338 3993 365 4001; x_wconf 84' lang='lat'>..</span> <span class='ocrx_word' id='word_1_393' title='bbox 456 3942 655 4024; x_wconf 84' lang='lat' dir='ltr'>Quod</span> <span class='ocrx_word' id='word_1_394' title='bbox 723 3940 806 4008; x_wconf 89' lang='lat' dir='ltr'>ad</span> <span class='ocrx_word' id='word_1_395' title='bbox 870 3942 1053 4029; x_wconf 76' lang='lat' dir='ltr'>signa</span> <span class='ocrx_word' id='word_1_396' title='bbox 1114 3943 1499 4009; x_wconf 85' lang='lat' dir='ltr'>Graecorum</span> <span class='ocrx_word' id='word_1_397' title='bbox 1558 3948 1851 4007; x_wconf 87' lang='lat' dir='ltr'>monetae</span> <span class='ocrx_word' id='word_1_398' title='bbox 1916 3939 2141 4006; x_wconf 89' lang='lat' dir='ltr'>horum</span> <span class='ocrx_word' id='word_1_399' title='bbox 2183 3962 2318 4007; x_wconf 88' lang='grc' dir='ltr'>ιιιιο</span> <span class='ocrx_word' id='word_1_400' title='bbox 2358 3933 2728 4016; x_wconf 41' lang='grc' dir='ltr'><em>ΠΕΡΓΑἿ</em></span> <span class='ocrx_word' id='word_1_401' title='bbox 2783 3941 2848 4005; x_wconf 90' lang='lat' dir='ltr'>in</span> <span class='ocrx_word' id='word_1_402' title='bbox 2893 3940 3092 4005; x_wconf 87' lang='lat' dir='ltr'>altero</span> <span class='ocrx_word' id='word_1_403' title='bbox 3135 3940 3380 4020; x_wconf 58' lang='lat' dir='ltr'>SAR,</span> <span class='ocrx_word' id='word_1_404' title='bbox 3418 3941 3486 4008; x_wconf 90' lang='lat' dir='ltr'>in</span> 
     </span>
    </p>
   </div>
   <div class='ocr_carea' id='block_1_9' title="bbox 270 4042 3588 4134">
    <p class='ocr_par' dir='ltr' id='par_1_10' title="bbox 270 4042 3588 4134">
     <span class='ocr_line' id='line_1_35' title="bbox 270 4042 3588 4134; baseline -0.001 -22"><span class='ocrx_word' id='word_1_405' title='bbox 270 4044 493 4112; x_wconf 86' lang='lat' dir='ltr'>incusa</span> <span class='ocrx_word' id='word_1_406' title='bbox 537 4045 791 4124; x_wconf 85' lang='lat' dir='ltr'>attinet,</span> <span class='ocrx_word' id='word_1_407' title='bbox 845 4066 980 4111; x_wconf 87' lang='lat' dir='ltr'>non</span> <span class='ocrx_word' id='word_1_408' title='bbox 1018 4055 1204 4130; x_wconf 86' lang='lat' dir='ltr'>negat</span> <span class='ocrx_word' id='word_1_409' title='bbox 1240 4044 1513 4123; x_wconf 65' lang='lat' dir='ltr'>Batiam,</span> <span class='ocrx_word' id='word_1_410' title='bbox 1568 4045 1853 4131; x_wconf 88' lang='lat' dir='ltr'>potuisse</span> <span class='ocrx_word' id='word_1_411' title='bbox 1925 4045 2110 4109; x_wconf 85' lang='lat' dir='ltr'>tertio</span> <span class='ocrx_word' id='word_1_412' title='bbox 2184 4045 2425 4123; x_wconf 68' lang='lat' dir='ltr'>TRA„</span> <span class='ocrx_word' id='word_1_413' title='bbox 2509 4063 2671 4128; x_wconf 83' lang='lat' dir='ltr'>quae</span> <span class='ocrx_word' id='word_1_414' title='bbox 2741 4052 2887 4109; x_wconf 87' lang='lat' dir='ltr'>sunt</span> <span class='ocrx_word' id='word_1_415' title='bbox 2957 4042 3166 4108; x_wconf 78' lang='lat' dir='ltr'>accisa</span> <span class='ocrx_word' id='word_1_416' title='bbox 3230 4046 3502 4134; x_wconf 80' lang='lat' dir='ltr'>nomina·</span> <span class='ocrx_word' id='word_1_417' title='bbox 3585 4083 3588 4090; x_wconf 93' lang='lat'><em>·</em></span> 
     </span>
    </p>
   </div>
   <div class='ocr_carea' id='block_1_10' title="bbox 268 4144 3485 4442">
    <p class='ocr_par' dir='ltr' id='par_1_11' title="bbox 268 4144 3485 4439">
     <span class='ocr_line' id='line_1_36' title="bbox 270 4144 3485 4252; baseline -0.002 -37"><span class='ocrx_word' id='word_1_418' title='bbox 270 4149 347 4215; x_wconf 88' lang='lat' dir='ltr'>iis</span> <span class='ocrx_word' id='word_1_419' title='bbox 399 4148 678 4215; x_wconf 86' lang='lat' dir='ltr'>indicari</span> <span class='ocrx_word' id='word_1_420' title='bbox 731 4157 973 4214; x_wconf 88' lang='lat' dir='ltr'>auctum</span> <span class='ocrx_word' id='word_1_421' title='bbox 1024 4148 1196 4213; x_wconf 89' lang='lat' dir='ltr'>numi</span> <span class='ocrx_word' id='word_1_422' title='bbox 1236 4145 1545 4225; x_wconf 88' lang='lat' dir='ltr'>valorem,</span> <span class='ocrx_word' id='word_1_423' title='bbox 1611 4168 1686 4211; x_wconf 91' lang='lat' dir='ltr'>ac</span> <span class='ocrx_word' id='word_1_424' title='bbox 1726 4147 1850 4233; x_wconf 90' lang='lat' dir='ltr'>pri·</span> <span class='ocrx_word' id='word_1_425' title='bbox 1925 4145 2244 4231; x_wconf 81' lang='lat' dir='ltr'>Pergami,</span> <span class='ocrx_word' id='word_1_426' title='bbox 2333 4144 2666 4225; x_wconf 86' lang='lat' dir='ltr'>Sardium,</span> <span class='ocrx_word' id='word_1_427' title='bbox 2752 4155 2816 4211; x_wconf 89' lang='lat' dir='ltr'>et</span> <span class='ocrx_word' id='word_1_428' title='bbox 2899 4145 3237 4224; x_wconf 87' lang='lat' dir='ltr'>Trallium,</span> <span class='ocrx_word' id='word_1_429' title='bbox 3275 4167 3485 4252; x_wconf 88' lang='lat' dir='ltr'>quae</span> 
     </span>
     <span class='ocr_line' id='line_1_37' title="bbox 271 4247 3483 4340; baseline -0.001 -23"><span class='ocrx_word' id='word_1_430' title='bbox 271 4273 435 4319; x_wconf 87' lang='lat' dir='ltr'>mum</span> <span class='ocrx_word' id='word_1_431' title='bbox 501 4249 763 4339; x_wconf 81' lang='lat' dir='ltr'>quidem</span> <span class='ocrx_word' id='word_1_432' title='bbox 814 4259 1180 4340; x_wconf 87' lang='lat' dir='ltr'>propterea,</span> <span class='ocrx_word' id='word_1_433' title='bbox 1255 4250 1401 4338; x_wconf 86' lang='lat' dir='ltr'>quia</span> <span class='ocrx_word' id='word_1_434' title='bbox 1436 4268 1585 4315; x_wconf 87' lang='lat' dir='ltr'>non</span> <span class='ocrx_word' id='word_1_435' title='bbox 1638 4265 1851 4315; x_wconf 80' lang='lat' dir='ltr'>mone·</span> <span class='ocrx_word' id='word_1_436' title='bbox 1918 4247 2091 4314; x_wconf 83' lang='lat' dir='ltr'>fuere</span> <span class='ocrx_word' id='word_1_437' title='bbox 2135 4248 2324 4314; x_wconf 84' lang='lat' dir='ltr'>nrbes</span> <span class='ocrx_word' id='word_1_438' title='bbox 2366 4247 2725 4336; x_wconf 85' lang='lat' dir='ltr'>provinciae</span> <span class='ocrx_word' id='word_1_439' title='bbox 2768 4248 2977 4315; x_wconf 79' lang='lat' dir='ltr'>Asiae.</span> <span class='ocrx_word' id='word_1_440' title='bbox 3052 4248 3217 4313; x_wconf 85' lang='lat' dir='ltr'>Vide</span> <span class='ocrx_word' id='word_1_441' title='bbox 3259 4267 3483 4313; x_wconf 87' lang='lat' dir='ltr'>numos</span> 
     </span>
     <span class='ocr_line' id='line_1_38' title="bbox 268 4347 3484 4442; baseline -0.002 -21"><span class='ocrx_word' id='word_1_442' title='bbox 268 4363 393 4420; x_wconf 82' lang='lat' dir='ltr'>tam</span> <span class='ocrx_word' id='word_1_443' title='bbox 435 4351 648 4421; x_wconf 88' lang='lat' dir='ltr'>modo</span> <span class='ocrx_word' id='word_1_444' title='bbox 693 4374 980 4435; x_wconf 78' lang='lat' dir='ltr'>aeneam,</span> <span class='ocrx_word' id='word_1_445' title='bbox 1040 4349 1156 4419; x_wconf 85' lang='lat' dir='ltr'>sed</span> <span class='ocrx_word' id='word_1_446' title='bbox 1209 4361 1273 4418; x_wconf 88' lang='lat' dir='ltr'>et</span> <span class='ocrx_word' id='word_1_447' title='bbox 1313 4361 1666 4442; x_wconf 81' lang='lat' dir='ltr'>argenteam</span> <span class='ocrx_word' id='word_1_448' title='bbox 1708 4350 1906 4417; x_wconf 90' lang='lat' dir='ltr'>huic</span> <span class='ocrx_word' id='word_1_449' title='bbox 1895 4351 2096 4439; x_wconf 86' lang='lat' dir='ltr'>ipsos</span> <span class='ocrx_word' id='word_1_450' title='bbox 2138 4351 2205 4416; x_wconf 90' lang='lat' dir='ltr'>in</span> <span class='ocrx_word' id='word_1_451' title='bbox 2247 4373 2389 4417; x_wconf 87' lang='lat' dir='ltr'>mea</span> <span class='ocrx_word' id='word_1_452' title='bbox 2424 4350 2730 4436; x_wconf 84' lang='lat' dir='ltr'>Sylloge</span> <span class='ocrx_word' id='word_1_453' title='bbox 2740 4349 2848 4436; x_wconf 86' lang='grc' dir='ltr'><strong>Ι.·)</strong></span> <span class='ocrx_word' id='word_1_454' title='bbox 2939 4351 3342 4436; x_wconf 78' lang='lat' dir='ltr'>Conjeceram</span> <span class='ocrx_word' id='word_1_455' title='bbox 3393 4347 3484 4417; x_wconf 88' lang='lat' dir='ltr'>ibi</span> 
     </span>
    </p>
   </div>
   <div class='ocr_carea' id='block_1_11' title="bbox 3325 4503 3474 4518">
    <p class='ocr_par' dir='ltr' id='par_1_12' title="bbox 3325 4503 3474 4518">
     <span class='ocr_line' id='line_1_39' title="bbox 3325 4503 3474 4518; baseline 0.007 -5"><span class='ocrx_word' id='word_1_456' title='bbox 3325 4503 3474 4518; x_wconf 61' lang='lat' dir='ltr'>’no-—</span> 
     </span>
    </p>
   </div>
   <div class='ocr_carea' id='block_1_12' title="bbox 2665 4507 2920 4516">
    <p class='ocr_par' dir='ltr' id='par_1_13' title="bbox 2665 4507 2920 4516">
     <span class='ocr_line' id='line_1_40' title="bbox 2665 4507 2920 4516; baseline 0 1134"><span class='ocrx_word' id='word_1_457' title='bbox 2665 4507 2920 4516; x_wconf 95' lang='lat' dir='ltr'> </span> 
     </span>
    </p>
   </div>
   <div class='ocr_carea' id='block_1_13' title="bbox 2924 4503 3320 4520">
    <p class='ocr_par' dir='ltr' id='par_1_14' title="bbox 2924 4503 3320 4520">
     <span class='ocr_line' id='line_1_41' title="bbox 2924 4503 3320 4520; baseline 0 1130"><span class='ocrx_word' id='word_1_458' title='bbox 2924 4503 3320 4520; x_wconf 95' lang='lat' dir='ltr'> </span> 
     </span>
    </p>
   </div>
   <div class='ocr_carea' id='block_1_14' title="bbox 378 4549 3088 4646">
    <p class='ocr_par' dir='ltr' id='par_1_15' title="bbox 378 4549 3088 4646">
     <span class='ocr_line' id='line_1_42' title="bbox 378 4549 3088 4646; baseline -0.002 -19"><span class='ocrx_word' id='word_1_459' title='bbox 378 4575 442 4646; x_wconf 68' lang='lat' dir='ltr'>,J</span> <span class='ocrx_word' id='word_1_460' title='bbox 478 4557 743 4629; x_wconf 47' lang='lat' dir='ltr'>meaque</span> <span class='ocrx_word' id='word_1_461' title='bbox 783 4574 907 4644; x_wconf 53' lang='lat' dir='ltr'>asp.</span> <span class='ocrx_word' id='word_1_462' title='bbox 942 4569 1081 4627; x_wconf 58' lang='grc' dir='ltr'>ιιι.</span> <span class='ocrx_word' id='word_1_463' title='bbox 1115 4592 1164 4644; x_wconf 72' lang='lat' dir='ltr'>p.</span> <span class='ocrx_word' id='word_1_464' title='bbox 1200 4576 1287 4627; x_wconf 75' lang='lat' dir='ltr'>ss.</span> <span class='ocrx_word' id='word_1_465' title='bbox 1364 4549 1371 4556; x_wconf 85' lang='grc'><strong><em>’</em></strong></span> <span class='ocrx_word' id='word_1_466' title='bbox 1425 4572 1491 4639; x_wconf 69' lang='grc' dir='ltr'>ι.)</span> <span class='ocrx_word' id='word_1_467' title='bbox 1529 4569 1652 4625; x_wconf 65' lang='lat' dir='ltr'>men.</span> <span class='ocrx_word' id='word_1_468' title='bbox 1689 4572 1731 4624; x_wconf 89' lang='grc' dir='ltr'>ι.</span> <span class='ocrx_word' id='word_1_469' title='bbox 1767 4591 1818 4640; x_wconf 56' lang='grc' dir='ltr'>μ</span> <span class='ocrx_word' id='word_1_470' title='bbox 1857 4563 1972 4628; x_wconf 70' lang='lat'><strong>140.</strong></span> <span class='ocrx_word' id='word_1_471' title='bbox 2007 4571 2189 4642; x_wconf 66' lang='lat' dir='ltr'>suppu.</span> <span class='ocrx_word' id='word_1_472' title='bbox 2224 4570 2287 4624; x_wconf 84' lang='grc' dir='ltr'>ιι.</span> <span class='ocrx_word' id='word_1_473' title='bbox 2319 4592 2374 4641; x_wconf 63' lang='lat' dir='ltr'>p.</span> <span class='ocrx_word' id='word_1_474' title='bbox 2409 4568 2493 4624; x_wconf 85' lang='lat'>61.</span> <span class='ocrx_word' id='word_1_475' title='bbox 2528 4589 2636 4641; x_wconf 57' lang='lat' dir='ltr'>aq.</span> <span class='ocrx_word' id='word_1_476' title='bbox 2771 4567 2822 4635; x_wconf 70' lang='grc' dir='ltr'>ι)</span> <span class='ocrx_word' id='word_1_477' title='bbox 2853 4563 2967 4638; x_wconf 69' lang='grc' dir='ltr'><strong>ρ’...</strong></span> <span class='ocrx_word' id='word_1_478' title='bbox 3003 4562 3088 4624; x_wconf 70' lang='grc' dir='ltr'>ιι.</span> 
     </span>
    </p>
   </div>
  </div>
 </body>
</html>
