4500 5650
922 533 1005 601 vr

917 697 1040 764 que
1082 674 1366 743 Moesia
1438 665 1743 760 seiunxit,
1816 676 1989 739 suain
2045 681 2189 739 ante
2240 672 2502 757 Trajani

782 810 795 829 ν
914 789 1203 866 tempora
1267 778 1572 844 habuere‘
1606 785 1951 857 monetam,
2026 778 2202 861 quus
2271 772 2498 843 feriun-

918 882 1038 963 dae
1080 880 1336 949 modum
1383 901 1495 960 eos
1558 900 1596 944 a
1638 878 1917 945 finitimis
1964 878 2251 960 Graecis,
2323 878 2497 945 dein-

918 983 1001 1050 de
1051 983 1353 1053 Romanis
1415 982 1767 1070 accepisse,
1838 978 1990 1047 inde
2060 979 2241 1046 facile
2309 1002 2495 1067 appa·

915 1096 1042 1167 ret,
1109 1084 1283 1174 quod
1337 1093 1531 1173 typos
1591 1105 1781 1172 saepe
1835 1083 2233 1149 finitimorum
2300 1083 2496 1155 Grae·

915 1209 1164 1269 corum,
1232 1197 1387 1255 -tum
1462 1187 1648 1267 etiam
1724 1186 1999 1271 gentium
2075 1186 2496 1253 Romanarum

916 1291 1205 1358 servilem
1240 1292 1307 1353 in
1328 1289 1585 1355 modum
1614 1298 1774 1354 -sunt
1793 1287 2043 1367 imitati,
2092 1286 2171 1352 de
2201 1310 2330 1375 quo
2365 1311 2496 1353 mo·

917 1402 1112 1458 netas*
1145 1386 1375 1477 genere
1417 1390 1566 1459 alibi
1611 1391 1731 1456 erit
1770 1388 1999 1475 agendi
2043 1389 2245 1456 locus.
2285 1427 2292 1433 ·
2348 1392 2496 1468 Quo

917 1470 1111 1579 magis
1164 1494 1416 1574 mirum,
1504 1493 2051 1584 Carthaginienses
2106 1493 2291 1558 etiam
2343 1502 2497 1573 tum,

850 1592 857 1599 ’
918 1616 1059 1662 cum
1124 1605 1379 1662 moneta
1441 1606 1567 1662 tam
1634 1596 2054 1675 Graecorum,
2126 1616 2312 1682 quam
2367 1594 2512 1665 Ro·.

841 1702 875 1785 j·
919 1719 1249 1785 manorum
1296 1698 1529 1785 passim
1573 1697 1961 1781 etcognita,
2007 1705 2070 1760 et
2112 1698 2191 1767 in¹
2224 1697 2499 1771 omnium

920 1788 1086 1867 esset
1146 1800 1471 1882 manibus,
1554 1809 1791 1879 tamen,
1871 1787 2278 1885 quod'certo
2332 1800 2499 1865 nori-

918 1924 1085 1983 mus„
1169 1903 1491 1989 propriam
1571 1902 1704 1966 lion
1782 1899 2079 1966 habuisse
2163 1909 2495 1966 monetam.

916 2004 993 2068 In
1048 2026 1235 2071 causa
1289 2003 1504 2085 fuerit,
1573 2001 1749 2092 quod
1805 2024 1946 2068 cum
2000 2018 2076 2081 ea
2128 2005 2308 2087 gens
2338 2022 2497 2087 ncn-

917 2107 1040 2173 nisi
1109 2106 1317 2192 ampla
1384 2107 1759 2171 commercia
1822 2114 2063 2190 ageret,
2123 2106 2191 2169 in
2246 2105 2494 2191 quibuS,

920 2208 1096 2296 quod
1159 2207 1479 2296 hodieque
1549 2207 1689 2273 fieri
1747 2205 1942 2287 solet,
2031 2191 2164 2271 non
2228 2207 2500 2294 pecunia

915 2309 1320 2437 rependitur,
1398 2308 1515 2376 sed
1578 2330 1817 2395 merces
1882 2308 2191 2375 mercibus
2256 2328 2499 2402 permu-

1804 478 2581 585 PROLEGOMENA
2605 542 2618 559 ι
2640 507 3227 583 GENERALIA.

2567 680 2806 755 tantur,
2873 693 3068 740 suum·
3103 672 3390 760 pecunia·
3425 690 3606 736 nsum
3650 679 3966 758 praestare
4007 690 4142 744 non

2565 775 2800 862 potuit,
2876 786 3036 862 quae
3097 796 3250 841 vero
3306 773 3653 875 commoda
3695 774 3871 839 domi
3927 795 4138 857 mone·

2565 885 2630 943 ta
2682 878 2925 964 signata
2993 878 3060 942 in
3115 858 3369 945 minutis
3424 877 3922 964 promiscuisque
3983 898 4140 964 mer

2566 979 2808 1047 catibus
2871 977 3130 1062 obtulit,
3207 979 3331 1067 ipsi
3399 980 3706 1068 perpetuo
3763 958 4140 1059 semibarba·
4213 1066 4220 1070 .

2564 1081 2653 1165 ri,
2742 1083 3004 1170 suique
3034 1082 3228 1148 moris
3305 1093 3556 1149 tenaces
3627 1081 3952 1169 admittere
4035 1080 4141 1145 de·

2564 1184 2950 1266 trectabant,
3025 1185 3148 1251 nisi
3219 1184 3413 1268 forte,
3491 1184 3714 1273 quod
3752 1158 4143 1271 tradiderunt

2565 1287 2888 1368 nonnulli,
2946 1288 3147 1354 numis
3192 1291 3454 1375 scorteis
3498 1298 3646 1355 sunt
3687 1288 3819 1368 usi,
3881 1284 3964 1353 de
4009 1282 4140 1372 qui·

2563 1390 2734 1461 bus
2773 1409 3027 1479 agemus
3111 1388 3275 1458 infra
3364 1392 3581 1479 Capite
3669 1391 3777 1455 VI.
3853 1389 4141 1454 Romana
4251 1412 4258 1425 ·

2568 1492 2840 1581 denique
2927 1493 3043 1559 sub
3130 1494 3612 1591 imperatoribus
3701 1501 3954 1558 moneta
4026 1511 4141 1578 per
4203 1488 4210 1501 '

2567 1596 2920 1663 universum
3001 1578 3217 1663 orbem
3293 1597 3609 1683 cognitum
3692 1592 3916 1664 diffusa
3999 1594 4137 1659 ulti·

2565 1699 2651 1762 mi
2694 1699 2910 1778 etiam,
2963 1699 3311 1787 praecipue
3365 1701 3433 1765 in
3487 1700 3821 1780 orientem,
3861 1695 4141 1768 barbari

2568 1800 2648 1866 ad
2723 1799 3112 1866 moderanda
3175 1802 3548 1868 commercia
3617 1809 3962 1887 coeperunt
4026 1800 4136 1879 uti,

2565 1896 2796 1969 fatente
2839 1903 2983 1993 ipso
3033 1902 3265 1991 Cosma
3304 1902 3770 1993 Indopleuste:
3790 1908 3860 1967 ἐν
3901 1925 3994 1984 τῳ
4034 1918 4141 1999 '¹⁰7

2562 2026 2846 2089 μισματι
2889 2008 3213 2088 Ρωμαιων
3255 2010 3620 2089 ἐμπορευοι
3623 2027 3734 2070 ται
3786 2026 4003 2068 §totvm
4053 2025 4142 2065 τα

2565 2109 2766 2183 ww,
2800 2128 2939 2215 ope
2999 2117 3262 2173 mendae
3318 2108 3624 2173 Romanae
3677 2127 3885 2171 omnes
3934 2117 4143 2189 gentes

2566 2174 2940 2274 commercia
2951 2221 3173 2292 agunt,
3229 2212 3404 2295 cujus
3462 2207 3713 2296 quidem
3768 2204 3918 2273 alibi
3957 2207 4142 2343 plura

2569 2308 2854 2432 dabimus
2897 2309 3202 2396 exempla

2046 2526 2704 2633 CAPVT
2845 2530 3015 2634 III

1125 2695 1251 2811 De
1303 2732 1797 2810 inventoribus
1844 2698 2226 2822 monetae,
2289 2717 2594 2836 ejusque
2646 2722 3098 2823 constitutae
3149 2749 3436 2821 aetate,
3500 2748 3572 2807 et
3597 2730 3905 2835 finibus}

696 2911 751 2992 ἰ
806 2991 811 3000 1
926 2907 1211 3008 Amavit
1267 2936 1630 3023 antiquitas,
1716 2935 1775 2999 si
1840 2932 1993 3020 quid
2058 2917 2331 3000 humano
2396 2951 2502 3019 geq

922 3039 1057 3108 neri
1151 3040 1219 3103 in
1321 3057 1652 3103 commune
1750 3036 2150 3124 'proficuum
2182 3043 2498 3123 repertum

923 3153 1116 3226 esset,
1188 3146 1321 3238 ejus
1376 3142 1635 3226 gratiam
1692 3138 1987 3205 beneficii
2060 3138 2181 3204 diis
2245 3139 2498 3204 immor·

858 3300 875 3313 ,
920 3246 1152 3313 talibus
1215 3253 1533 3329 acceptam
1597 3241 1779 3308 ferre.
1864 3241 2095 3326 Neque
2160 3239 2321 3307 adeo
2387 3240 2497 3304 mi-

901 3337 1088 3427 rum,
1156 3345 1470 3432 egregium
1534 3342 1706 3410 istud
1760 3341 1997 3407 donum
2046 3341 2257 3407 multis
2306 3341 2512 3407 fuisse‘

927 3448 1229 3544 creditum
1301 3468 1340 3511 a
1409 3467 1777 3534 superorum
1850 3443 2292 3526 benevolentia
2351 3462 2499 3530 pro-

924 3552 1176 3620 fectum.
1261 3551 1595 3616 Saturnum
1637 3548 1779 3614 Jani
1820 3547 2100 3634 hospitio
2146 3554 2500 3633 susceptum

830 3675 857 3706 κ
930 3653 1223 3718 docuisse
1308 3650 1506 3718 Italos
1592 3652 1838 3738 signare
1923 3671 2148 3715 numos
2244 3671 2497 3730 aeneos,

928 3757 1193 3842 copiosa
1278 3763 1424 3821 sunt
1506 3763 1785 3824 veterum
1862 3753 2248 3832 testimonia,
2302 3774 2500 3840 quae

844 3936 859 3940 ,
928 3879 1011 3925 ne
1064 3857 1292 3925 frustra
1344 3855 1599 3944 longior
1640 3858 1790 3939 sim,
1845 3855 1989 3923 vide
2044 3866 2252 3922 curate
2300 3855 2540 3921 colle·x

924 3943 1031 4028 'cta
1104 3960 1185 4026 ab
1244 3951 1719 4062 Elmenhorstio
1790 3958 1872 4025 ad
1918 3958 2201 4028 Minucii
2267 3939 2499 4025 Felicis

933 4062 1261 4129 Octavium
1349 4083 1488 4150 cap.
1562 4062 1813 4130 XXIII.
1899 4062 2143 4128 Janum
2209 4070 2498 4128 monetae

931 4185 1163 4232 aeneae
1262 4176 1613 4244 auctorem
1662 4164 1811 4230 fecit
1885 4165 2349 4248 Athenaeus),
2438 4173 2502 4230 et

930 4266 1299 4335 Macrobius
1318 4265 1391 4349 ¹³).
1491 4267 1593 4333 Ex
1635 4266 1744 4351 iis,
1815 4267 1922 4354 qui
1973 4267 2276 4335 htunanae
2329 4288 2498 4334 men·

1071 4488 1125 4555 .)
1176 4463 1387 4541 n'xv.
1417 4507 1473 4556 p.
1508 4508 1579 4540 m.
1615 4485 1739 4545 692.
1922 4447 1989 4554 ι’»)
2037 4488 2143 4543 sat.
2178 4487 2237 4542 ι.
2273 4488 2310 4541 ι.
2347 4508 2388 4542 c.
2424 4491 2474 4543 7.

935 4585 1128 4644 potent.
1164 4594 1216 4640 p.
1253 4576 1304 4625 8.
1443 4571 1498 4636 e)
1523 4572 1599 4646 οι.
1635 4572 1671 4622 1.
1708 4591 1751 4626 c.
1786 4564 1868 4630 94.

2565 2932 2645 2998 tis
2705 2933 2905 3000 aciem
2974 2931 3386 3020 reperiundae
3438 2931 3765 3022 pecuniae
3804 2934 3948 2999 ausi
3979 2943 4140 3000 sunt

2564 3051 2698 3128 ιιοιι
2749 3019 3050 3123 imparem
3105 3034 3417 3123 profiteri,
3493 3034 3771 3117 fuerunt,
3840 3035 3949 3124 qui
3996 3036 4135 3102 Gai-

2564 3142 2744 3221 num,
2821 3147 2930 3205 aut
3000 3137 3451 3204 Tubalcainum
3510 3138 3763 3220 saltem,
3829 3141 3966 3223 eJus
4027 3160 4134 3203 au·

2567 3250 2804 3334 ctorem
2859 3297 2880 3306 ,
2899 3239 3191 3323 edixere,
3292 3249 3446 3306 nota
3536 3261 3753 3307 eorum
3853 3240 4135 3322 libidine,

2569 3344 2710 3430 qui,
2773 3364 2914 3408 cum
2971 3343 3038 3408 in
3091 3343 3185 3408 rei
3238 3342 3546 3409 inventae·
3579 3342 3882 3429 originem
3935 3344 4180 3430 inqui·-

2566 3455 2745 3526 tunt,
2791 3467 2928 3512 eam
2973 3445 3147 3512 orbis
3191 3445 3583 3513 incunabulis
3642 3465 3825 3533 quam
3864 3456 4139 3534 possunt

2565 3549 2855 3637 proxime
2898 3550 3155 3638 cupiunt
3196 3543 3552 3616 admoveri,
3613 3548 3788 3635 Lege
3827 3546 3985 3614 haec
4028 3546 4136 3613 de·

2566 3651 2732 3717 liria‘
2769 3651 2938 3739 apud
2989 3651 3498 3740 Sperlingium⁰),
3587 3657 3652 3730 et
3705 3650 4036 3716 Rinckium
4055 3647 4132 3732 ¹¹).

2565 3752 2790 3838 Lydos
2876 3754 3178 3837 omnium,
3268 3752 3445 3844 quod
3530 3759 3811 3834 constet,
3894 3752 4134 3840 primos

2565 3878 2818 3923 numum
2903 3877 3155 3925 aureum
3241 3867 3306 3924 et
3389 3866 3745 3943 argenteum
3830 3854 4134 3941 signasse,

2564 3960 2854 4049 perhibet
2919 3960 3289 4027 Herodotus
3310 3967 3416 4043 '),·
3483 3981 3622 4026 cum
3691 3979 3819 4047 quo
3884 3959 4132 4076 conspi-

2563 4073 2663 4129 rat
2724 4061 3155 4150 Xenophanes
3243 4063 3410 4151 apud
3497 4060 3822 4128 Pollucem
3851 4061 3933 4146 ‘),
4025 4061 4136 4148 q‘ui

2565 4174 2629 4231 et
2697 4165 2962 4231 aliorum
3035 4168 3371 4232 sententias
3445 4164 3678 4231 ibidem
3756 4184 4133 4229 commemo-

2563 4277 2693 4347 rat,
2751 4266 3169 4338 Demodocen
3224 4269 3590 4352 Cymaeam,
3652 4266 3754 4334 vel
3797 4265 4199 4332 Erichtho·

2650 4485 2724 4556 e)'
2756 4491 2822 4544 de
2852 4490 3025 4545 amnis
3055 4509 3164 4544 non
3202 4510 3302 4544 mu.
3339 4510 3392 4559 p.
3430 4491 3476 4541 2.
3628 4471 3708 4552 d)
3750 4488 3815 4541 de
3852 4491 4132 4541 vet-num-

2007 4571 2057 4637 Γ)
2095 4573 2292 4627 Onom.
2319 4573 2388 4626 .L.
2424 4563 2513 4626 IX.
2549 4569 2686 4642 §83.
