4500 5650
961 541 1182 596 cxxrv
1205 514 1221 528 '

914 731 919 737 -
960 683 1297 753 commode
1340 680 1591 773 supplet
1646 652 1974 772 scalprum.

1861 474 2607 596 PRoLEooMENA
2675 519 3250 593 GENERALlA.

2062 683 2268 752 Lubet
2312 703 2522 749 creare
2587 631 2913 751 advertere
2963 691 3092 749 tum
3147 660 3402 764 licebit,
3455 680 3683 765 figuras
3747 681 3840 751 sic
3908 680 4170 747 restitu-

916 816 921 820 ·
958 786 1382 873 Pertinacem,
1439 779 1665 865 serviet
1718 787 1879 854 istuc
1920 808 2141 853 numus
2183 783 2281 850 M.
2325 785 2522 849 Aure·
2590 795 2687 851 tas
2730 807 2949 873 parum
2992 784 3382 872 prominere,
3447 792 3512 849 et
3554 803 3635 847 ex
3679 802 3826 848 area
3865 783 4171 864 existere,

959 890 1062 972 lii,
1137 889 1469 976 praecipue
1530 888 1598 951 in
1652 892 1825 974 cujus
1882 910 2099 955 aversa
2153 895 2249 951 est
2304 904 2524 951 conse·
2592 887 2934 976 praecipuo
2976 886 3229 953 latentis
3270 883 3506 951 fraudis
3553 892 3933 970 argumento.

963 991 1160 1058 oratio
1175 1038 1194 1073 ,
1250 990 1396 1078 quia
1445 998 1715 1077 uterque
1756 990 1924 1055 hunc
1975 999 2195 1077 typum
2253 1004 2525 1053 commu·

962 1114 1105 1162 nem
1147 1089 1358 1160 habet.
1445 1089 1665 1171 Effice,
1710 1100 1781 1158 ut
1822 1092 2017 1177 magis
2062 1100 2346 1175 turgeant
2389 1089 2528 1155 bar·

2764 988 2957 1055 Multi
3011 989 3206 1054 numi·
3241 988 3416 1087 aenei
3443 994 3668 1073 -partes
3711 1006 3959 1051 aversas
4005 983 4176 1050 offe·
4207 1010 4228 1023 -

2597 1099 2743 1156 runt
2784 1090 3036 1156 illaesas
3087 1090 3256 1157 totas'
3268 1138 3288 1171 ,
3347 1099 3411 1155 et
3451 1088 3801 1176 primaevae
3841 1086 4172 1173 integrita-

962 1192 1047 1259 ba
1099 1200 1163 1258 et
1214 1212 1404 1257 nasus
1458 1191 1753 1268 Aurelii,
1805 1203 1868 1258 et
1931 1191 2237 1279 siquidem
2306 1189 2529 1257 dextre
2595 1191 2711 1272 tis,
2777 1190 2894 1256 sed
2956 1191 3074 1257 has
3135 1193 3304 1280 ipsas
3349 1198 3615 1285 *recente
3677 1197 3809 1254 arte
3874 1187 4174 1254 elabora—

962 1293 1296 1359 mutaveris
1350 1291 1775 1380 epigraphen,
1833 1315 2053 1360 numus
2107 1291 2355 1374 similis,
2422 1291 2531 1379 qui
2595 1301 2710 1359 tas.
2816 1292 3062 1359 Horum
3128 1313 3381 1381 quoque
3441 1312 3590 1378 pars
3659 1288 3921 1357 adversa
3982 1300 4171 1357 vetus

968 1391 1261 1460 auersam·
1313 1391 1500 1460 offert
1565 1395 2019 1483 incorruptam,
2108 1393 2357 1483 aliaque
2438 1391 2527 1458 in-

922 1495 1270 1582 .tegritatis
1331 1494 1589 1578 indicia,
1676 1498 1835 1572 nisi
1871 1495 2225 1564 cautissimo
2239 1545 2260 1580 ‚
2348 1493 2532 1561 facile

969 1598 1269 1685 imponet.

1143 1696 1335 1764 Numi
1387 1678 1516 1765 hoc
1572 1696 1767 1764 inodo
1811 1700 2131 1787 personati
2182 1719 2372 1786 saepe
2427 1718 2530 1762 oc·

974 1808 1228 1865 currunt
1267 1799 1335 1865 in
1362 1800 1611 1882 muscis,
1657 1803 1989 1889 praecipue
2016 1802 2083 1866 in
2113 1803 2274 1867 serie
2309 1821 2533 1866 aeneo·

971 1921 1109 1966 rum
1175 1900 1225 1965 I.
1295 1910 1357 1967 et
1416 1903 1497 1969 Π.
1560 1901 1828 1986 formae,
1923 1924 2187 1990 quorum
2254 1900 2536 1969 fraudem

954 2000 1242 2088 „maligna
1306 2005 1527 2100 vernix
1591 2013 1915 2092 praeterea
1979 2005 2246 2091 adjuvat.
2360 2004 2533 2090 Ergo

836 2162 845 2169 .
930 2102 937 2107 ’
972 2104 1073 2184 iis,
1118 2104 1225 2188 qui
1269 2124 1426 2191 opes
1467 2113 1708 2172 veteres
1753 2105 2079 2193 eolligunt,
2129 2104 2364 2172 danda
2353 2106 2534 2191 prin·

976 2198 1146 2291 cipio
1193 2225 1415 2291 opera,
1475 2206 1565 2273 uti
1610 2206 1785 2272 hune
1836 2206 2109 2271 fallendi
2149 2206 2405 2272 modum
2445 2206 2535 2271 di-

975 2313 1156 2372 scant
1212 2304 1520 2391 detegere.
1606 2305 1771 2372 Fere
1822 2327 2069 2395 semper
2108 2307 2327 2372 literae
2368 2306 2535 2392 judi·

978 2407 1141 2472 cium
1196 2405 1536 2474 dictabant„
1650 2407 1739 2472 At
1794 2407 1958 2472 enim
2010 2406 2182 2472 fuere
2238 2409 2305 2472 in
2357 2408 2541 2474 Italia

980 2507 1276 2595 artificeS,
1337 2509 1444 2594 qui
1499 2494 1694 2594 longo
1748 2529 1862 2594 per
1905 2527 2151 2574 omnem
2191 2511 2380 2591 vitam
2423 2532 2540 2575 usu

978 2618 1173 2677 artem
1233 2609 1360 2676 sibi
1421 2611 1742 2699 propriam
1802 2609 2007 2676 fecere
2067 2609 2334 2677 tollendi
2401 2610 2537 2677 lite·

979 2732 1082 2777 ras
1124 2711 1460 2798 proposito
1506 2713 1816 2793 inimicas,
1862 2722 1924 2777 et
1966 2712 2316 2779 sufficiendi
2357 2711 2535 2794 alias,

926 2814 931 2821 ’
981 2820 1167 2898 atque
1208 2813 1377 2880 istud
1421 2813 1583 2882 adeo
1627 2816 1809 2897 scite,
1866 2823 1940 2900 ιιι
1975 2796 2289 2905 plerisque
2341 2815 2538 2882 since-

913 2972 916 2975 .
979 2932 1089 2981 rae
1132 2914 1472 2983 videantur.
1527 2916 1680 2985 Vidi
1720 2918 1993 2984 virorum
2022 2918 2539 3003 peritissimorum

982 3013 1289 3083 dissidere
1348 3017 1590 3104 judicia
1672 3020 1739 3085 in
1809 3019 2220 3126 approbanda
2289 3021 2540 3086 Titiana

981 3119 1190 3205 operis
1250 3120 1580 3216 Aegyptii,
1671 3143 1830 3210 quae
1900 3131 2106 3188 tamen
2173 3121 2345 3189 aliud
2406 3135 2544 3189 non·

980 3219 1129 3300 fuit,
1185 3241 1368 3307 quam
1419 3209 1721 3289 Faustina
1772 3222 1865 3288 sic
1917 3222 2377 3294 transformata.
2464 3225 2539 3290 In

982 3321 1274 3387 similium
1346 3343 1604 3390 numero
1680 3323 1800 3390 fuit
1860 3323 2167 3412 Caesonia
2237 3346 2319 3390 ex
2385 3347 2537 3392 auro

980 3422 1178 3487 musei
1222 3422 1374 3489 olim
1400 3426 1653 3495 Lebret.
1742 3425 2141 3511 Compei-tum
2186 3425 2383 3492 serius
2426 3426 2542 3492 fuit

856 3557 861 3562 ·
983 3522 1257 3608 Parisiis,
1300 3526 1368 3591 in
1396 3528 1712 3643 primaevo
1758 3548 1876 3592 suo
1906 3535 2066 3593 statu
2097 3526 2288 3622 fuisse
2315 3527 2541 3616 Agrip-

982 3625 1195 3712 pinam
1279 3628 1591 3695 seniorem
1680 3649 1819 3694 cum
1888 3649 2106 3694 aversa
2178 3611 2537 3716 Caligulae,

980 3725 1328 3818 factamque
1373 3715 1741 3797 Caesoniam
1795 3748 1918 3817 ope
1958 3731 2382 3819 inscriptionis
2425 3754 2586 3820 per

983 3838 1176 3895 artem
1217 3816 1521 3910 inductae.

1152 3932 1394 4000 Eadem
1445 3931 1692 4002 fallacia
1757 3955 1887 4000 non
1953 3935 2259 4021 capitibus
2321 3933 2538 4022 modo,

848 4099 871 4130 ‚-
954 4029 1097 4099 sed
1139 4042 1203 4102 et
1244 4036 1415 4123 typis
1457 4038 1808 4104 intentatur.
1858 4037 2101 4125 Saepe
2143 4038 2222 4103 ab
2269 4040 2406 4105 aevi
2443 4039 2537 4106 in·

970 4132 1156 4218 juriis
1198 4134 1484 4203 immunis
1524 4147 1621 4205 est
1660 4161 1805 4225 pars
1842 4139 2125 4226 capitis,
2152 4138 2267 4205 sed
2323 4141 2534 4207 vitium

930 4261 937 4268 ·
982 4235 1261 4303 oblatum
1312 4240 1476 4325 parti
1533 4259 1806 4308 aversae.
1882 4241 1980 4318 „Si
2030 4240 2187 4306 haec
2235 4244 2534 4310 rariorem

979 4336 1171 4404 habet
1211 4346 1461 4428 typum,
1514 4339 1858 4429 numusque
1902 4351 1998 4407 est
2040 4363 2300 4426 aeneuS,
2357 4366 2533 4431 repa·

852 4437 860 4448 '
976 4440 1105 4505 rari
1148 4441 1315 4509 solet
1355 4442 1606 4531 scalpro
1620 4491 1640 4523 ,
1697 4437 2049 4532 figuraeque
2100 4465 2316 4512 omnes
2358 4447 2531 4512 resti-

2604 1414 2822 1462 revera
2887 1408 3016 1477 est,
3103 1414 3227 1483 qua
3280 1396 3511 1459 intacta
3558 1389 3774 1457 relicta
3829 1400 4173 1459 excavatur

2599 1517 2745 1586 pars
2818 1518 3069 1578 aver-sa,
3142 1495 3418 1584 repletur
3484 1492 3817 1559 lithocolla
3883 1494 4176 1580 ejusdem
4239 1539 4262 1545 -

2603 1618 2741 1663 cum
2784 1619 2974 1665 numo
3020 1596 3255 1663 coloris
3271 1645 3290 1679 ,
3349 1604 3548 1683 atque.
3587 1595 3745 1661 haec
3784 1604 3913 1661 tam
3953 1595 4172 1662 solide
4211 1648 4220 1653 1

2600 1698 3047 1785 adglutinatur,
3112 1708 3180 1764 ut
3244 1698 3502 1765 nonnisi
3565 1697 3630 1763 vi
3693 1688 3886 1763 avelli
3938 1699 4167 1785 possit.

2601 1800 2883 1868 Subinde
2968 1798 3339 1866 lithocollae
3421 1797 3855 1889 insculpantur
3921 1799 4172 1885 literae,

2599 1901 2852 1989 figurae,
2898 1912 2962 1969 et
3004 1900 3364 1990 quaelubet
3405 1899 3547 1982 alia,
3594 1910 3663 1966 ut
3701 1921 3918 1967 numus
3957 1904 4177 1995 rarus',

2605 2014 2669 2089 et
2711 2012 2884 2071 totus
2927 2006 3166 2090 integer
3210 2002 3464 2083 evadat,
3518 1999 3830 2068 inducitur
3867 2004 4178 2091 utrinque

2599 2108 2841 2186 vernix,
2890 2126 2976 2171 ac
3005 2115 3137 2171 tum
3179 2114 3354 2174 tanto
3400 2104 3596 2190 magis
3641 2103 3722 2170 ad
3749 2102 4026 2177 fraudem
4058 2128 4171 2172 va-

2604 2205 2768 2287 lent,
2821 2208 2968 2294 quia
3018 2221 3164 2293 pars
3222 2207 3426 2272 antica
3479 2206 3723 2272 sincera
3775 2215 3898 2287 est,
3956 2227 4173 2297 neque

2606 2307 2768 2373 adeo
2820 2327 3037 2374 aversa
3087 2306 3271 2379 facile
3322 2308 3420 2372 in·
3441 2306 3701 2393 rigidius
3746 2300 4003 2375 examen
4047 2331 4166 2376 vo·

2607 2410 2735 2475 cari
2763 2409 2946 2476 solet.
3011 2409 3346 2495 Enimvero
3391 2412 3525 2475 non
3568 2410 3781 2497 paucis
3821 2412 4020 2477 numis
4063 2435 4169 2498 ae-

2605 2512 2741 2578 neis
2784 2512 2834 2577 Ι.
2889 2484 3128 2576 formae
3182 2512 3309 2577 hoc
3361 2510 3556 2577 modo
3613 2511 3826 2578 vitium
3886 2482 4169 2580 oblatum

2604 2624 2722 2683 est.
2808 2600 3047 2679 Tamen
3085 2613 3204 2680 etsi
3246 2635 3378 2680 non
3421 2615 3539 2679 toti
3583 2612 3728 2678 falsi
3768 2615 3911 2697 sint,
3952 2624 4014 2682 et
4055 2637 4166 2681 ex-

2605 2724 2773 2782 stent
2826 2715 3072 2801 plures,
3129 2715 3235 2802 qui
3287 2724 3524 2781 tantum
3580 2713 3789 2802 aliqua
3843 2718 3939 2783 sui
3985 2728 4168 2803 parte

2603 2817 2774 2884 hunc
2818 2817 3033 2884 dolum
3074 2817 3245 2905 passi
3289 2828 3452 2899 sunt,
3503 2816 3717 2884 vitiosi
3760 2816 4171 2887 nihilominus

2606 2930 2780 3001 sunt,
2851 2931 2914 2986 et
2971 2920 3182 3006 exigui
3233 2928 3567 3036 propterea
3617 2922 3871 3007 prem.
3920 2919 4170 2988 Paucae

2609 3021 2834 3088 dantur
2874 3019 3067 3088 series
3109 3022 3316 3107 magni
3360 3024 3540 3104 aeris,
3585 3043 3745 3110 quae
3787 3043 3921 3088 non
3949 3023 4169 3091 “numis

2607 3125 2699 3191 sic
2736 3122 3003 3192 refectis·
3027 3121 3363 3189 abundent.
3432 3123 3659 3209 Longo
3702 3146 3838 3208 usu,
3885 3131 3950 3191 et
3984 3125 4167 3192 intel·

2606 3221 2861 3312 ligen'tia
2911 3228 3060 3292 artis
3112 3226 3338 3292 veteris
3394 3224 3476 3291 ad
3529 3247 3642 3291 eos
3697 3225 4170 3313 dignoscendos

2611 3350 2771 3417 opus
2828 3336 2954 3408 est,
3012 3349 3086 3393 ac
3135 3336 3269 3393 tum
3320 3323 3566 3393 fallacia
3617 3328 3786 3396 haud
3837 3328 4171 3398 difficulter

2607 3432 2673 3498 in
2717 3430 2991 3517 apricum
3031 3409 3404 3518 proferetur.
3494 3429 3640 3507 Quo
3693 3431 3761 3497 in
3800 3444 4168 3520 argumento

2606 3532 2898 3620 princeps
2935 3531 3061 3598 lex
3113 3540 3289 3614 esto,
3352 3529 3642 3599 diffidere
3682 3534 3947 3613 vernici,
4003 3537 4167 3603 scal-
4269 3531 4283 3544 ⁹

2604 3656 2727 3723 pro
2781 3641 3106 3722 suspectas
3154 3641 3373 3721 partes-
3418 3636 3717 3722 experiri,
3806 3635 4164 3724 explorare,

2607 3748 2811 3805 utrum
2874 3756 3091 3803 omnes
3162 3743 3370 3822 partes
3432 3735 3557 3801 sibi
3621 3745 3956 3830 constent,¹
4033 3762 4162 3830 quo

2606 3841 2828 3907 merito
2893 3855 3141 3927 semper
3212 3837 3330 3903 erit
3389 3857 3610 3905 numus
3671 3852 4014 3927 prognatus
4078 3865 4165 3912 ex

2589 3943 2859 4014 matrice
2901 3940 3196 4009 adcurate
3238 3949 3302 4006 et
3342 3941 3545 4027 perite
3586 3942 3843 4030 scalpta.

3287 4114 3324 4212 ᾗ
3392 4110 3472 4176 V.

2644 4216 2744 4282 De
2781 4219 2974 4284 nm&
3012 4215 3224 4280 malleo
3261 4212 3736 4294 transformatis,
3789 4229 3847 4283 et
3887 4237 4115 4299 compo·

2693 4409 2706 4416 ’
2769 4447 2964 4514 Numi
3034 4447 3245 4515 mallei
3316 4467 3441 4536 ope
3508 4448 3930 4516 transformati
4000 4454 4171 4536 ejus·

980 4540 1071 4604 tui
1099 4545 1266 4610 numi
1293 4566 1435 4614 area
1458 4545 1833 4634 aliquantum
1848 4541 2177 4616 excavata.
2248 4548 2338 4615 At
2365 4540 2530 4617 enim
2597 4548 2760 4632 dem„
2809 4549 2942 4618 fere
2994 4559 3137 4617 sunt
3179 4570 3340 4618 cum
3399 4549 3914 4639 praecedentibus
3971 4552 4167 4634 indo-
