4500 5650
328 2134 355 2143 “
446 2121 829 2189 eruditorum

1667 436 1836 511 cn
1886 441 1948 510 P
1998 376 2185 509 x'r'T
2296 410 2479 511 xus.

447 608 715 668 mortem
769 601 829 663 ei
887 572 1181 684 tanquam
1239 596 1393 680 deo,
1451 609 1555 665 aut
1603 571 1787 671 heroi
1842 599 2013 668 dedi-

450 704 601 784 cati,
657 692 919 768 Graecis
970 698 1141 793 istud
1195 700 1564 789 obsequium
1624 704 1693 769 in
1750 700 2016 770 Hadria-

449 804 519 871 ni
569 804 830 889 gratiam
884 801 1463 889 deproperantibus.
1528 804 1640 870 ·At
1692 806 2015 873 Romanae

3405 440 3655 521 'rxxm

2088 609 2217 666 tum
2262 597 2633 675 divisionem
2685 604 2959 685 arguere.
3045 600 3392 679 Accedunt
3413 569 3648 675 'causae

2087 699 2262 767 aliae.
2404 702 2482 766 In
2584 723 2892 768 marmore
2917 778 2942 789 ..
2988 705 3240 772 Gruteri
3257 707 3321 792 y)
3414 729 3646 776 memo·

2083 810 2320 877 rantur*
2358 801 3084 872 OFFICINATORES.
3181 806 3647 875 MONETAE.

452 915 738 972 monetae
794 909 1176 989 majestatem
1228 906 1527 992 probrosi
1582 905 1767 991 hujus
1813 908 2013 973 cinae·
2081 896 2557 970 AVRARIAE.
2628 890 3275 1002 ARGENTARIAE.
3335 909 3644 977 CAESA-

454 1007 523 1074 di
558 1006 765 1092 effigie
803 1026 1118 1094 nunquam
1156 1007 1499 1093 pollutam
1511 1016 1774 1075 constat.

2080 1004 2239 1073 RIS.
2307 994 2400 1091 ‘Si
2452 1014 2703 1073 moneta
2759 1028 3011 1095 quoque
3054 1018 3247 1076 aenea
3291 1009 3374 1076 ad
3421 1012 3644 1078 Caesa·

615 1107 909 1195 Denique
1016 1100 1101 1174 ad
1182 1106 1488 1197 'praesens
1568 1122 2012 1198 argumentum
2079 1127 2211 1173 rem
2280 1108 2603 1194 pertinuit,
2673 1128 2782 1173 cur
2842 1109 2998 1174 haec
3046 1111 3450 1191 excluditur?
3520 1114 3643 1178 Te-

445 1209 717 1297 pertinet
784 1210 1002 1297 etiam,
1080 1232 1272 1283 nosse
1340 1235 1546 1280 veram
1612 1213 2011 1300 significatio-

2081 1217 2177 1274 ste
2227 1207 2441 1276 Dione
2461 1210 2518 1295 ¹)
2583 1218 2834 1275 senatus
2906 1208 3060 1275 odio
3131 1210 3448 1298 Caligulae
3514 1235 3650 1280 om
3735 1248 3742 1257 -

445 1331 591 1393 nem
630 1311 944 1379 literarum
987 1313 1054 1379 S.
1101 1313 1205 1395 0.,
1256 1336 1423 1401 quae
1474 1314 1623 1382 inde
1677 1317 1756 1382 ab
1801 1317 2010 1432 Augu-
2076 1330 2221 1377 nem
2280 1309 2463 1398 hujus
2518 1302 2829 1377 monetam
2881 1332 3136 1378 aeneam
3199 1314 3478 1380 conflari
3510 1317 3645 1399 jus·
3658 1348 3661 1353 ·

444 1421 550 1482 sto
606 1435 798 1502 usque
852 1414 935 1480 ad
978 1413 1256 1482 Gallieni
1306 1418 1632 1506 imperium
1689 1419 1755 1483 in
1812 1420 2012 1485 numis

444 1517 656 1583 aeneis
745 1518 1066 1586 commatis
1118 1518 1414 1585 Romani
1492 1526 1851 1587 constanter
1925 1520 2010 1586 le-

442 1626 672 1701 guntur
685 1665 717 1711 ,ἢ
787 1619 855 1684 in
926 1620 1166 1701 aureis,
1256 1606 1687 1711 argenteisque
1758 1622 2014 1687 nonnisi

443 1715 780 1782 rarissime.
864 1713 1041 1780 Istud
1084 1714 1233 1799 jain
1270 1723 1433 1781 inter
1446 1742 1459 1792 g
1480 1745 1707 1782 omnes
1740 1733 2009 1798 constat,

446 1840 555 1884 eas
608 1814 906 1902 legendas
957 1820 1216 1884 Senatus
1277 1822 1585 1897 Consulto,
1652 1817 1768 1884 sed
1825 1840 2010 1907 quor-

382 1995 389 2000 ·
441 1941 582 1986 sum
623 1916 1013 1985 referendum
1056 1921 1137 1985 sit
1178 1919 1381 2005 ipsum
1418 1912 1546 1984 hoc
1579 1929 1830 1986 senatus
1860 1942 2009 1986 eon·

446 2020 707 2102 sultum,
758 2042 890 2090 non
939 2020 1159 2087 eadem
1212 2020 1511 2087 hactenus
1564 2021 1681 2088 suit
1734 2023 2025 2103 virorum

914 2112 1239 2190 sententia.
1369 2122 1703 2190 Praetereo
1791 2124 2009 2192 harum

443 2225 675 2319 varias,
764 2225 881 2292 sed
936 2230 1071 2311 jam
1105 2221 1333 2291 'hodie
1411 2223 1765 2309 obsoletas,
1844 2214 2049 2313 squas

443 2327 743 2395 collectas
796 2328 995 2395 habes
1039 2328 1106 2393 in
1151 2347 1343 2413 opere
1385 2325 1724 2411 Joberti¹¹>.
1814 2328 2006 2396 Com·

442 2430 645 2496 munis
698 2432 785 2523 ,et
839 2434 977 2514 jam
1041 2429 1174 2494 fere
1250 2428 1331 2494 ab
1402 2427 1689 2497 omnibus
1728 2436 2010 2523 ‘recepta

444 2530 749 2597 sententia
800 2538 931 2611 est,
989 2530 1366 2616 Augustum,
1414 2552 1552 2597 cum
1594 2552 1756 2598 unus
1799 2552 2006 2599 rerum

442 2634 679 2719 potitus
728 2630 1181 2719 rempublicam
1237 2634 1670 2715 constitueret,
1738 2622 2004 2715 auream,

380 2724 918 2823 .‘argenteamque
959 2742 1272 2800 monetam
1316 2734 1441 2801 sibi
1479 2730 1864 2817 reservasse,
1911 2756 2004 2801 se·

320 2879 337 2886 -
439 2837 614 2906 naui
642 2843 752 2924 jus
793 2839 861 2902 in
906 2858 1159 2905 aeneam
1201 2840 1575 2925 permisisse.
1661 2836 1840 2905 Istud
1883 2846 2004 2904 sta-

441 2935 664 3006 tuendi
736 2961 951 3008 causas
1024 2940 1388 3028 praecipuas
1450 2937 1751 3000 habemus
1827 2929 2002 3017 duas,

444 3062 604 3129 quas
679 3042 813 3120 jam
895 3041 1085 3101 nitide
1173 3035 1467 3123 exposuit
1495 3035 1697 3102 ·Baro
1765 3036 2007 3104 Bimar·

439 3137 562 3206 dus
582 3138 673 3228 ⁸).
753 3138 807 3204 1.
861 3136 1108 3206 Certum
1162 3146 1286 3219 est,
1350 3133 1563 3203 literas
1613 3137 1681 3204 S.
1738 3137 1814 3203 C.
1871 3159 2003 3205 non

2082 1413 2180 1478 sit.
2277 1414 2562 1495 Quaeso,
2610 1435 2719 1480 eur
2761 1435 3018 1481 aeneam
3059 1420 3314 1488 tantum
3309 1463 3328 1498 ‚
3383 1426 3522 1481 cum
3564 1404 3657 1482 de'
3745 1480 3752 1485 ,

2083 1512 2399 1581 abolenda
2470 1518 2604 1598 eJus
2678 1517 2872 1602 pestis
2958 1518 3258 1584 memoria
3327 1517 3646 1635 ageretur?

2082 1615 2341 1682 Nullam
2414 1625 2579 1682 certe
2653 1618 2837 1684 aliam
2909 1619 3202 1687 idoneam
3266 1619 3644 1719 reperiemus

2082 1739 2368 1792 caueam
2452 1740 2634 1799 quam
2722 1717 2898 1806 quod
2979 1719 3046 1783 in
3134 1741 3348 1787 aurum
3430 1741 3642 1807 argen-

2082 1822 2336 1899 tumque
2395 1817 2637 1881 senatui
2677 1820 2819 1901 jus
2837 1840 2972 1885 non
3030 1820 3172 1901 fuit,
3228 1819 3345 1887 sed
3393 1821 3461 1887 in
3510 1843 3641 1887 mo-

2080 1924 2286 1981 netam
2361 1923 2596 1983 tantum
2668 1939 2940 1985 aeneam.
3059 1922 3376 2008 Denique,
3467 1923 3643 2008 quod

2078 2001 2332 2104 quidem
2386 2026 2806 2136 argumentum
2864 2042 2945 2087 ex
3011 2022 3388 2109 gravissimis
3450 2042 3642 2089 unum

2079 2128 2204 2200 est,
2280 2118 2397 2187 sed
2449 2102 2531 2186 iis
2544 2168 2563 2202 ,
2633 2120 2780 2209 qui
2803 2123 2872 2186 in
2929 2108 3151 2191 eadem
3215 2122 3641 2209 disputatione

2077 2219 2304 2295 versati
2389 2231 2562 2303 sunt,
2649 2223 2946 2291 hactenus
3034 2225 3329 2291 intactum
3342 2273 3362 2307 ,
3414 2226 3640 2293 ·certis

2077 2331 2289 2409 potest
2358 2325 2735 2391 testimoniis
2794 2328 3227 2417 comprobari,
3305 2328 3640 2413 imperato·

2074 2444 2177 2489 res
2235 2427 2343 2508 jus
2399 2422 2725 2492 feriundae
2790 2436 3078 2494 monetae
3134 2448 3362 2494 aeneae
3409 2430 3639 2514 procul

2076 2525 2156 2591 ab
2203 2546 2273 2591 se
2315 2524 2626 2593 habuisse.
2693 2527 2793 2594 Ειι
2835 2530 2970 2597 tibi·
2992 2531 3256 2617 primum
3291 2530 3634 2613 Othonem,
3743 2566 3746 2569 >

2074 2632 2249 2713 cujus
2300 2629 2472 2697 aurei
2522 2630 2921 2718 argenteique
2960 2636 3139 2717 justo
3209 2653 3470 2723 numero
3535 2654 3635 2701 su·

2073 2739 2362 2818 persunt,
2426 2751 2655 2798 aeneus
2707 2726 3031 2800 'commatis
3057 2732 3355 2801 ‘Romani
3405 2744 3637 2802 ·eertae

2072 2832 2221 2895 fidei
2261 2830 2494 2896 nullus.
2562 2829 2635 2908 Ii,
2683 2837 2790 2917 qui
2834 2837 3210 2915 existimant,
3254 2840 3496 2905 senatui
3537 2846 3634 2903 to-

2071 2937 2203 2995 tum
2253 2929 2347 2995 rei
2403 2931 2798 2997 monetariae
2842 2937 3159 3020 negotium
3214 2935 3408 3003 fuisse
3464 2960 3633 3004 eom-

2069 3030 2356 3114 missum,
2402 3051 2616 3118 quam,
2662 3054 2929 3121 quaeso,
2992 3026 3271 3118 causam,
3331 3036 3450 3103 sed
3492 3037 3631 3105 ido·
3706 3070 3713 3084 ·
3802 3017 3806 3025 ¹

2069 3153 2277 3215 neam,
2321 3131 2673 3221 proferent,
2716 3155 2825 3203 cur
2862 3137 2917 3203 is
2965 3135 3234 3203 Othoni
3250 3137 3633 3207 dedicaverit

434 3237 701 3330 reperiri
759 3240 825 3304 in
888 3241 1091 3307 numis
1152 3237 1596 3327 imperatorum
1662 3239 1866 3306 aureis
1940 3249 2002 3307 et
2066 3255 2293 3302 numos
2335 3233 2671 3302 nobilioris
2712 3234 2976 3318 metalli,
3010 3243 3327 3323 negaverit
3365 3242 3629 3325 vilioris,

437 3340 775 3429 argessteis,
875 3351 1011 3423 aut,

396 3465 541 3510 -eas
607 3463 743 3509 non
810 3440 892 3508 ad
958 3443 1209 3510 nuinum
1273 3443 1507 3530 ipsum,
1594 3442 1709 3509 sed
1778 3452 1999 3531 typum

1111 3340 1164 3438 si
1251 3341 1501 3429 quidem
1592 3341 2020 3429 reperiantiu„

2068 3357 2207 3406 cum
2267 3346 2475 3404 tamen
2528 3335 2899 3430 plerumque
2951 3338 3196 3406 Romae
3237 3345 3445 3427 ,major
3495 3365 3629 3410 mo·
3713 3393 3733 3418 ,

2066 3451 2435 3529 netaepars
2481 3451 2572 3506 ex·
2607 3461 2768 3507 aere·
2789 3439 2977 3508 fuerit
3014 3443 3348 3530 percussa?
3401 3443 3632 3514 Divide
3661 3483 3668 3500 ·

438 3555 577 3612 esse
664 3541 1063 3634 referendas,
1167 3555 1237 3611 ut
1328 3543 1718 3612 monebimus
1820 3546 1999 3612 infra.
2054 3548 2192 3631 jus,
2247 3552 2313 3612 et
2362 3533 2658 3631 paratum
2695 3541 2961 3610 habebis
3015 3547 3412 3633 responsum.
3480 3540 3628 3614 'Fe-

439 3645 529 3714 11.
554 3641 828 3712 'Certum
880 3648 1096 3727 etiam,
1150 3645 1361 3713 literas
1414 3647 1481 3714 S.
1544 3646 1621 3713 C.
1679 3645 2001 3715 observari
2065 3643 2293 3713 riundo
2339 3666 2493 3712 auro
2538 3653 2924 3733 argentoque
2964 3666 3114 3714 usus
3159 3657 3256 3715 est
3292 3647 3630 3734 Othojure

442 3745 511 3811 in
555 3747 837 3815 omnibus
895 3745 1029 3824 fere
1074 3749 1273 3814 numis
1317 3749 1525 3814 aeneis
1569 3747 1649 3815 ab
1688 3749 2005 3868 Augusto,
2066 3770 2214 3831 sue,
2282 3768 2417 3814 non
2469 3747 2706 3818 invasit
2764 3768 2903 3831 aes,
2978 3749 3124 3835 quia
3174 3751 3337 3835 juris
3408 3750 3625 3832 alieni3

444 3855 514 3914 ut
571 3846 733 3930 dixi,
780 3870 982 3936 usque
1035 3848 1119 3916 ad
1176 3849 1526 3917 Gallienum
1542 3896 1560 3929 ‚
1624 3871 1824 3939 neque
1878 3852 2002 3919 nisi
2068 3871 2178 3917 cur
2220 3871 2340 3918 suo
2380 3856 2632 3918 senatus
2673 3848 2743 3916 in
2774 3847 3030 3915 Othone
3071 3871 3222 3918 usus
3263 3872 3396 3919 non
3422 3852 3624 3933 fue-it,
3737 3935 3746 3942 ,

436 3948 749 4018 rarissime
813 3949 1174 4018 desiderari.
1277 3952 1382 4022 Ex
1449 3974 1572 4039 qua
1647 3953 1808 4020 adeo
1874 3963 2001 4020 tam
2066 3951 2426 4040 ignoramus
2481 3972 2664 4032 sane,
2721 3958 2790 4016 ut
2840 3949 3038 4018 multa
3089 3952 3157 4017 in
3212 3953 3414 4019 causis
3472 3951 3625 4021 anti·

437 4061 767 4122 constante
820 4052 965 4148 lege
1012 4073 1344 4141 possumus
1401 4056 1547 4139 jure
1614 4053 1841 4122 dictam
1894 4057 2001 4121 tri·
2069 4055 2320 4142 quariis·
2354 4053 2494 4121 alia.
2578 4052 2868 4134 Tacitus,
2923 4074 3061 4121 cum
3115 4054 3490 4142 Vespasiani
3543 4053 3628 4120 ad

434 4151 623 4240 plicis
662 4154 913 4296 metalli
964 4155 1127 4223 inter
1178 4156 1532 4256 Augustos,
1586 4165 1797 4245 atque
1822 4163 1999 4226 sena·
2067 4156 2394 4245 imperium
2439 4154 2685 4226 vocati
2771 4154 2947 4223 mitia
3013 4166 3278 4224 enarrat
3296 4162 3377 4239 ⁸),
3461 4157 3625 4222 inter

546 4386 1819 4461 -·........n)T1.11164207etT11p1260
2062 4437 2066 4441 Α
2156 4390 2885 4461 x)adJobT1p209
3209 4378 3625 4462 1.)ροςῖ4.1

308 4508 313 4511 ’
436 4476 499 4540 ι)
534 4472 595 4523 L.
632 4473 726 4525 Lx
781 4468 816 4542 §
850 4476 936 4557 22.
1243 4475 1299 4543 a)
1336 4477 1470 4532 ssiat.
1505 4475 1566 4532 11.
1603 4477 1685 4537 82.
1718 4545 1725 4554 ἱ
2879 4522 2883 4526 .
3639 4474 3644 4479 ’

505 4567 658 4644 (νοι.
692 4572 770 4640 ι.)
975 4606 991 4622 .
1304 4643 1313 4652 .
2331 4619 2340 4630 .
2406 4637 2409 4641 Δ
2767 4591 2772 4598 ·
2933 4561 2942 4570 ’
3189 4620 3230 4684 k

454 4993 471 5008 ι

904 5073 911 5086 ff

938 5115 971 5155 Γ·

1098 5375 1105 5382 ⁴
1278 5393 1289 5404 V

370 5545 501 5572 -ss⁴*{
520 5569 525 5573 .
544 5535 633 5572 jv·-
676 5571 687 5572 r
1100 5571 1105 5572 ι
1120 5563 1165 5572 ΛΗ
