4500 5650
1517 580 2039 677 CAPVT
2146 589 2376 664 xv11.
3361 610 3552 666 xcm
3631 648 3652 657 ,

514 751 766 822 Infinita
835 764 980 822 sunt
1020 753 1365 853 exempla,
1439 756 1629 823 urbes
1691 765 1757 822 et
1821 776 1931 827 re·
1987 736 2454 843 Philippopolis
2524 696 2863 836 Thraciae,
2915 760 3114 831 -',cum
3154 754 3379 828 Latina
3464 756 3553 824 vi-

238 935 291 945 --
340 858 570 944 giones
644 848 841 924 vic'tas
910 857 1167 924 victoris
1243 856 1469 946 populi
1552 856 1766 944 lingua
1850 857 1916 923 in
1988 856 2139 922 deas
2227 858 2532 923 sociatam
2620 857 2942 922 Punicam
3003 867 3068 923 et
3137 857 3598 949 Numidicam„

343 972 601 1029 moneta
653 959 918 1026 locutas.
1049 950 1467 1047 Posteaquam
1523 958 1917 1026 Macedones
1978 962 2164 1045 cujus
2210 959 2502 1051 e3empla
2545 958 2832 1046 copiosa
2850 957 3027 1025 dedit
3068 959 3484 1028 Penei-iuius*
3492 962 3551 1048 ),
3661 982 3670 985 ·

344 1084 461 1151 per
514 1060 865 1129 Alexandri
906 1060 1007 1130 Μ.
1060 1063 1356 1128 victorias
1417 1062 1738 1129 Orientem
1793 1061 1917 1127 sibi
1984 1072 2257 1135 veterem
2311 1061 2795 1151 Hispaniensem
2838 1071 2953 1128 eto.
3042 1061 3236 1128 Numi
3261 1064 3555 1131 Romani

347 1162 705 1259 subjecere,
778 1164 993 1250 lingua
1026 1162 1315 1231 Graeca
1343 1174 1451 1230 aut
1502 1165 1739 1244 statim,
1811 1171 1917 1228 aut
1985 1165 2310 1230 commatis
2379 1185 2637 1251 perraro
2706 1173 2850 1229 sunt
2915 1162 3254 1251 bilingues
3281 1164 3556 1233 admissa

343 1254 667 1353 paullatim
726 1267 935 1333 totius
1010 1268 1287 1334 Orientis
1354 1288 1578 1333 numos
1647 1286 1912 1352 occupa·
1982 1267 2052 1333 in
2103 1248 2490 1333 consortium
2546 1264 2688 1331 sola
2743 1267 3036 1345 Graeca,-
3093 1270 3276 1353 quani
3323 1250 3554 1335 ‘colere

228 1360 239 1365 ’
340 1368 436 1434 vit
465 1414 485 1449 ,
577 1370 855 1456 ipsarum
942 1368 1128 1435 etiam
1214 1370 1589 1456 regionum,
1687 1366 1913 1455 quibus
1984 1379 2046 1436 et
2088 1368 2312 1437 imitari
2359 1389 2608 1455 semper
2651 1367 3069 1435 honorificum
3112 1369 3311 1439 visum
3369 1368 3553 1437 etiam
3651 1432 3660 1439 .

340 1469 555 1556 lingua
623 1471 864 1538 Graeca
934 1481 1080 1537 ante
1144 1483 1252 1539 aut
1312 1471 1429 1538 fui‘t
1488 1473 1737 1559 ignota,
1811 1477 1917 1534 aut
1981 1481 2308 1559 prostrato
2345 1470 2621 1558 populo,
2667 1472 2776 1556 qui
2817 1492 2894 1537 ea
2931 1469 3238 1536 utebatur.
3325 1471 3432 1537 In
3444 1469 3550 1537 de·

339 1582 603 1662 propter
681 1573 1179 1672 peregrinitatem
1252 1595 1466 1641 exosa.
1602 1575 1909 1640 Graecam
1981 1574 2172 1640 uariis
2256 1573 2526 1662 plurium
2610 1572 2883 1658 gentium
2947 1572 3370 1637 Romanarum
3444 1593 3550 1638 ex

339 1675 528 1781 igitur
599 1674 815 1751 videas
885 1668 1103 1742 Asiam
1180 1677 1484 1743 minorem
1554 1674 1909 1742 mediterra-
1982 1678 2149 1743 stant
2202 1676 2420 1742 literae
2474 1673 2793 1762 alphabeti
2848 1676 3102 1755 Graeci,
3160 1676 3225 1740 in
3281 1673 3564 1743 denariis·

342 1797 532 1843 neam
582 1799 647 1845 a
710 1776 865 1841 solis
937 1768 1120 1843 antea
1193 1777 1475 1845 barbaris
1550 1777 1911 1855 habitatam,
1981 1780 2182 1864 gentis
2223 1777 2520 1863 Voltejae
2576 1785 2765 1841 notae
2820 1768 3204 1843 Graecorum
3266 1776 3549 1843 arithme-
3651 1868 3658 1871 .

212 1957 219 1961 ,
347 1879 639 1961 Syriam,
738 1870 1180 1958 Phoenicium,
1269 1874 1609 1955 Judaeam,
1666 1878 1910 1958 Aegy·
1981 1880 2164 1959 ticae,
2211 1888 2326 1944 etc.
2413 1879 2490 1943 In
2546 1878 2774 1962 insigni
2827 1899 3018 1945 numo
3076 1874 3380 1945 maximae
3422 1878 3547 1945 for·
3732 1935 3743 1946 .

220 1970 231 1981 ’
342 1989 551 2068 ptum,
624 1978 1203 2067 Mesopotamiam,
1291 1979 1431 2066 ipsa
1498 1975 1914 2041 remotissima
1978 2001 2121 2045 mae
2174 1978 2372 2045 musei
2427 1980 2719 2045 Caesarei
2781 2000 2922 2044 cum
2977 1982 3179 2068 capite
3242 1979 3551 2047 Gordiani
3679 1976 3684 1979 ’
3763 2024 3770 2031 ·

345 2080 595 2149 Bactra.
682 2084 961 2149 Graecae
1013 2078 1370 2168 exemplum
1426 2087 1638 2145 secuta
1689 2076 1914 2145 Latina
1982 2082 2225 2170 reliqua
2299 2081 2471 2146 omni
2543 2080 2952 2166 inscriptione
3021 2080 3268 2153 Latina
3325 2081 3550 2169 legitur

352 2184 622 2251 coloniis
684 2184 986 2250 Romanis
1059 2204 1195 2271 per
1233 2180 1589 2268 provincias
1656 2179 1912 2268 sparsiS,
1988 2186 2261 2252 ΘΕΟΣ.
2295 2184 2928 2262 ΟΠΛΟΦΟΡΘΣ.,
2960 2183 3025 2249 ιιι
3048 2182 3215 2250 aliis:
3246 2182 3548 2275 ΝΕΙΚΗ,

351 2308 608 2375 quarum
656 2274 997 2375 pleraeque
1047 2307 1272 2352 numos
1315 2283 1537 2351 Latine
1578 2283 1914 2370 inscriptos
1992 2288 2576 2355 ΟΠΛΟΦΟΡΟΟ.
2635 2288 2738 2354 In
2799 2284 3066 2352 denariis
3109 2286 3387 2374 Philippi
3443 2309 3550 2374 pa

351 2389 626 2459 edidere.
743 2389 1029 2455 Tandem
1100 2386 1397 2453 inferiore
1467 2406 1625 2453 aevo
1699 2406 1916 2451 omnes
1984 2392 2129 2473 tris,
2217 2390 2360 2472 filii,
2438 2398 2503 2455 et
2574 2389 2794 2454 uxoris
2860 2389 3125 2475 primum
3189 2408 3553 2477 comparen-

348 2492 593 2579 linguas
668 2491 829 2559 alias
914 2512 1017 2561 ex
1068 2490 1240 2556 orbis
1312 2489 1584 2559 Romani
1666 2496 1918 2553 moneta
1984 2503 2178 2560 notae
2245 2494 2526 2559 Graecae
2592 2490 3064 2573 arithmeticaer
3125 2513 3289 2578 quae
3354 2494 3551 2560 serius

354 2596 647 2693 extrusit,
710 2595 835 2661 nisi
905 2592 1078 2682 quod
1142 2614 1256 2679 per
1309 2590 1637 2659 intervalla
1691 2590 1915 2679 princi·
1984 2597 2053 2661 in
2117 2596 2545 2663 Romanorum
2612 2602 2863 2660 moneta
2939 2614 3078 2658 cum
3141 2591 3397 2660 fastidio
3458 2617 3551 2661 re·

360 2718 511 2785 pum
540 2699 992 2780 Byzantiorum
1035 2697 1213 2767 numi
1235 2694 1476 2761 Graece
1517 2690 1667 2762 sunt'
1704 2693 1917 2760 locuti.
1987 2708 2257 2764 currunt.
2365 2697 2606 2762 Literas
2671 2697 3002 2762 variarum*
3035 2693 3380 2781 linguarum
3441 2699 3551 2763 mi·

526 2800 891 2883 Servitium,
982 2797 1291 2880 adulatio,
1379 2797 1715 2886 permixtio
1790 2812 1933 2885 -po-‘
1986 2802 2147 2868 scuit
2192 2810 2296 2868 aut
2339 2799 2696 2882 barbaries,¹
2752 2809 2821 2866 ιιι
2862 2821 3002 2865 cum
3042 2798 3128 2880 ιιι
3152 2799 3353 2870 numis
3397 2799 3546 2868 Gal-

280 2973 297 2982 ,
353 2903 682 2990 pulcrum,
768 2925 957 2970 unum
1045 2902 1228 2969 etiam
1305 2900 1622 2976 arbitrium
1691 2922 1918 2968 numos
1986 2899 2169 2970 licis
2192 2902 2451 2969 Latinae
2505 2903 2763 2968 Graecis
2823 2898 3188 2992 miscentur,
3249 2913 3356 2969 aut
3416 2922 3548 2969 mo·

354 3009 651 3089 bilingues
701 3006 1098 3096 partin-ivere.
1206 3004 1282 3070 In
1336 3002 1725 3089 elegantibus
1775 3001 1917 3068 Ma·
1987 3006 2224 3072 netaria
2285 3002 2641 3083 oscitantia,
2711 3010 2780 3066 ut
2843 3023 2981 3074 cum
3043 3002 3111 3068 ιιι
3165 3024 3332 3099 anno
3397 3013 3551 3091 'epo-

363 3108 681 3174 cadonum
738 3105 1234 3186 tetradrachmis,
1302 3127 1383 3172 ex
1438 3126 1564 3191 quo
1616 3106 1919 3171 Romanis
1987 3109 2142 3174 chae
2194 3105 2439 3177 PIJA„
2506 3113 2690 3189 quem
2743 3099 3003 3167 exhibet
3054 3121 3274 3170 numus
3326 3105 3546 3192 Aradi,

351 3231 609 3299 parere
638 3219 785 3276 sunt
819 3211 1013 3295 jussi,
1063 3209 1289 3304 legitur
1344 3208 1910 3277 ΜΑΚΕΔΟΝΩΝ.
1960 3210 2164 3276 litera
2206 3216 2524 3321 postrema
2567 3204 2625 3269 A
2670 3203 3012 3292 Phoenicia
3055 3214 3168 3272 est.

352 3323 419 3380 et
486 3303 925 3380 AESILLAS.
966 3307 1283 3390 Quaestbr.
1380 3311 1459 3376 In
1534 3308 1914 3397 cistophoris
2680 3311 2711 3387 §
2777 3306 2857 3373 V.
2931 3331 2940 3340 ·

227 3419 263 3471 Γ
347 3405 567 3498 Asiae,
640 3441 697 3484 v.
761 3438 819 3504 g.
886 3419 1103 3484 ΑΠΑ.
1172 3413 1630 3496 ΜΥΙΣΚΟῙὶ,
1719 3423 1784 3478 et
1844 3412 2342 3476 Ρ.-
2436 3411 3101 3477 Deazenkmlitaraze
3199 3419 3208 3422 “

264 3583 277 3590 -
351 3519 838 3590 LENTVLVS.
901 3517 1446 3585 IMPERATOR.
1547 3517 1626 3583 Ιιι
1690 3514 1913 3596 aureis,
2190 3513 2301 3580 Sic
2354 3512 2608 3609 appello
2665 3512 2906 3595 literas,
2969 3534 3129 3600 quae
3171 3520 3418 3599 praeter
3458 3513 3553 3582 in-
3591 3527 3598 3532 ’

272 3631 287 3638 “
352 3624 788 3711 argenteisque
857 3620 1204 3687 Alexandri
1260 3620 1362 3692 Μ.
1433 3618 1629 3686 habes
1698 3615 1947 3684 ΑΛΕ-
1987 3615 2440 3704 scriptionem
2451 3614 2655 3696 urbis,
2709 3615 2964 3702 populi,
3031 3614 3364 3702 principis,
3428 3635 3551 3681 ma·

362 3723 807 3808 ΞΑΝΔΒΟΓἿ
908 3735 971 3790 ει
1055 3728 1216 3791 Acen
1304 3721 1622 3790 Galilaeae
1721 3720 1917 3786 literis
1984 3720 2279 3805 gistratus
2339 3739 2544 3785 aream
2607 3739 2935 3784 numorum
2990 3716 3302 3784 obsident.
3431 3717 3553 3783 Ea-

360 3823 709 3894 Phoeniciis
763 3828 1073 3943 scriptam.
1165 3827 1495 3892 Graecam
1520 3846 1665 3890 cum
1710 3824 1914 3888 Phoe·
1986 3840 2121 3887 rum
2164 3843 2317 3887 usus
2361 3820 2654 3908 frequens
2696 3820 2813 3887 fuit
2855 3820 2920 3885 in
2964 3822 3164 3894 numis
3195 3831 3323 3886 tam
3363 3820 3556 3885 Grae-

310 4011 321 4018 ·
361 3929 529 3996 nicia
573 3931 853 3998 mixtam-
846 3931 1097 4018 -passim
1143 3927 1415 3994 offerunt
1466 3928 1634 3994 numi
1676 3911 1919 3992 urbium
1988 3946 2239 4003 corum,
2307 3938 2492 4012 quam
2550 3923 2998 3992 Romanorum.
3093 3907 3443 4010 Frequens
3474 3922 3554 3988 iis
3661 3965 3678 3990 .-

362 4031 778 4115 Phoeniciae,
836 4035 1140 4102 Graecam
1193 4053 1332 4096 cum
1382 4031 1697 4098 Hebraica
1734 4029 1918 4096 ιιιιιιιι
1986 4027 2329 4115 hospitium
2381 4027 2448 4091 in
2502 4027 2703 4108 numis
2759 4021 3157 4106 familiarum,
3229 4043 3434 4092 rarum
3487 4024 3555 4094 in

350 4149 567 4224 regum
629 4134 941 4216 Judaeae,
1029 4134 1312 4204 Latinam
1396 4134 1464 4199 in
1550 4134 1913 4220 societatem
1991 4128 2260 4195 denariis
2302 4128 2602 4214 Augusti,
2659 4127 2870 4193 nullae
2923 4126 3040 4193 sub
3084 4127 3380 4209 Tiberio,
3440 4127 3552 4193 Ca·

352 4261 493 4306 cum
536 4240 779 4308 Graeca
817 4237 1113 4348 recepere
1141 4237 1403 4302 Polemo
1433 4237 1514 4302 ΙΙ.
1546 4236 1733 4302 Ροιιιι
1775 4255 1910 4318 rex,
1978 4231 2206 4348 ligula,
2261 4227 2561 4313 Claudio,
2624 4253 2731 4296 eas
2793 4229 3100 4296 admisere
3152 4227 3392 4328 aliquot
3441 4247 3550 4292 nu·

350 4341 691 4408 Antiochia
747 4333 998 4421 Syriae,
1077 4337 1383 4405 Caesarea
1451 4338 1910 4430 Cappadociae,
1979 4335 2064 4399 mi
2107 4333 2390 4410 Neronis
2433 4334 2642 4414 aenei,
2697 4355 2940 4400 rursum
2985 4323 3310 4420 dispareat
3350 4349 3552 4415 usque

341 4445 561 4527 Tyrus
648 4453 715 4511 ει
791 4442 1135 4510 Damascus
1221 4440 1569 4524 coloniae,
1633 4440 1910 4529 Cyprus,
1979 4438 2063 4505 ad
2122 4436 2486 4525 Philippos,
2535 4434 2860 4524 deinceps
2929 4434 3117 4521 copia
3179 4453 3292 4498 sua
3353 4428 3549 4498 mole·

495 4635 559 4730 h)
603 4665 723 4720 Rec.
756 4664 842 4717 lu.
879 4685 932 4733 p-
974 4668 1089 4726 121,
1119 4682 1222 4733 seq.
