4500 5650
1626 476 2156 554 CAPVT
2260 478 2588 552 xx11.-
2750 445 2922 511 ²·
3433 453 3698 554 'cmi-

453 642 679 711 nario:
690 641 1103 712 ANTONI.
1138 628 1578 723 ARMENIA.
1624 641 2029 712 DEVICTA.
2098 640 2286 709 etiam
2348 650 2534 727 saepe
2604 638 2833 723 visum,
2907 640 3242 708 denarium
3323 639 3564 708 nullum
3629 662 3670 710 a

454 744 759 812 Nonnius
817 745 1055 811 Goltzii
1106 745 1411 835 interpres
1463 768 1599 813 eam
1652 747 1745 813 sic
1782 744 2027 832 explet:
2094 743 2371 845 Trajano
2429 742 2774 813 restitutum
2823 742 2891 811 in
2945 745 3227 832 copiosis
3290 746 3425 829 ejus
3488 743 3666 815 tabu-

455 846 1013 914 ΑΡΜΕΝΙΑΣ.
1047 846 1886 919 ΚΑΤΑΔΟΤΛΩΣῙΙΣ.
1911 851 2027 914 Ar·
2092 834 2183 909 lis
2244 846 2607 926 memorari,
2676 836 2934 961 quando
2985 842 3137 912 inde
3190 844 3310 911 ab
3293 846 3455 928 ej‘tis
3501 852 3668 911 aeta-

454 955 655 1016 maa'a
678 953 920 1023 deoida.
982 948 1154 1034 Ergo
1178 950 1622 1015 καταδουλοω
1647 949 1764 1016 sub
1806 968 2026 1037 perso·
2090 956 2158 1013 te
2199 947 2269 1013 id
2310 966 2506 1032 genus
2550 947 2756 1023 numi
2776 946 2856 1013 ad
2888 950 3128 1033 justum
3181 946 3503 1015 numerum
3521 938 3665 1011 ad·

458 1049 806 1117 nasactiva
872 1049 1183 1137 passivam
1240 1048 1434 1117 habet
1488 1050 2026 1136 significationem,
2097 1069 2363 1115 crevere.
2463 1047 2753 1135 Amplior
2805 1049 3112 1116 rariorum
3172 1067 3353 1134 seges
3405 1048 3473 1112 in
3529 1066 3665 1115 mo·

457 1160 537 1216 ut
628 1151 1029 1227 Latinorum
1042 1152 1336 1235 vapulo,
1439 1157 1699 1219 vermo?
1790 1153 2026 1237 Paucas
2093 1160 2239 1218 neta
2309 1147 2460 1215 Julii
2527 1150 2814 1216 Caesaris
2889 1160 2957 1215 et
3027 1146 3296 1234 Augusti
3362 1135 3672 1224 excrevit,

460 1250 616 1317 dedi
659 1272 741 1318 ex
782 1251 1024 1320 infinita
1064 1263 1275 1339 segete
1315 1248 1547 1340 spicas,
1609 1253 1724 1320 sed
1767 1276 1849 1320 ex
1892 1257 2025 1342 qui·
2094 1273 2168 1317 ac
2228 1253 2561 1338 praecipue
2621 1250 2689 1315 in
2757 1261 3011 1317 moneta
3077 1251 3321 1317 urbium
3394 1249 3664 1336 populo·
3741 1334 3752 1341 ι

456 1352 585 1419 bus
634 1352 763 1439 agri
814 1363 1034 1420 natura
1082 1363 1295 1442 potest
1353 1356 1681 1441 cognosci,
1750 1365 1813 1423 et
1874 1358 2024 1423 satis
2089 1372 2386 1443 rumque,
2451 1364 2612 1441 qnae
2679 1353 2998 1439 posterior
3065 1370 3290 1418 numos
3364 1352 3665 1429 continet,

456 1452 750 1555 apparet,
823 1456 1023 1523 virum
1096 1464 1301 1522 cetera
1368 1457 1752 1550 praeclarum
1803 1457 2031 1524 Musas
2096 1474 2260 1541 quos
2313 1455 2510 1519 etiam
2555 1452 2900 1520 illustriora
2949 1463 3207 1520 nostrae
3259 1452 3480 1518 aetatis
3535 1473 3666 1517 mu·

458 1536 742 1622 Graecas
792 1557 903 1624 vix
955 1579 993 1621 a
1034 1556 1246 1622 limine
1286 1556 1612 1627 salutasse.
1699 1557 1832 1626 Sed
1883 1560 2027 1626 mis-
2095 1574 2203 1620 sea
2268 1555 2389 1620 sibi
2465 1553 2820 1620 accedere
2849 1556 3138 1642 cupiunt,
3228 1552 3450 1642 quod
3485 1562 3666 1619 tanto
3757 1610 3762 1615 .

364 1654 375 1661 ’
456 1653 559 1720 sis
637 1655 736 1721 his
808 1678 1129 1725 numorum
1173 1657 1676 1745 Goltzianorum
1746 1658 2028 1727 indolem
2095 1657 2290 1742 magis
2356 1657 2577 1734 mirum
2648 1653 2847 1722 videri
2913 1656 3141 1737 debet,
3229 1657 3374 1744 quia
3448 1674 3664 1721 numo·
3704 1672 3708 1681 ·

459 1754 806 1822 secundum
866 1759 974 1826 IV.
1035 1757 1331 1872 articulos
1398 1782 1597 1848 supra
1654 1762 2026 1851 propositos
2094 1774 2233 1824 rum
2308 1760 2691 1824 Graecorum
2764 1757 3197 1845 supplementa
3250 1755 3492 1823 Goltzii
3563 1777 3663 1821 ae·
3725 1802 3740 1830 ¹.

458 1855 887 1945 exploremus.
1070 1876 1089 1885 ·
2046 1864 2223 1924 ·tate
2285 1858 2482 1925 multo
2558 1855 2900 1940 difficilius,
2994 1880 3178 1955 qnam
3249 1858 3378 1924 hac
3444 1867 3664 1923 nostra

1058 2028 1063 2035 ,
1150 2003 1327 2127 §-I
2096 1962 2660 2055 pararipoterant·

458 2168 2085 2285 Μαρπαραηιιιιηιοιιωι,φᾰειιιιιύιθοῑ·
2509 2217 2526 2227 ·
2782 2146 2973 2226 §IL
3687 2214 3696 2223 '

458 2299 851 2373 muham,
907 2296 1629 2378 mahamet-sincera,
1665 2299 2374 2383 exceptaexlfflv‘or
2415 2301 2859 2366 Goltwmormn
2960 2316 3240 2363 numerus
3347 2298 3666 2365 ὑιώιόιῖαιο

630 2384 1851 2489 archawthvem,iwquesaepermis.
2091 2404 2554 2488 confictu-test,
2628 2399 3664 2481 acpraeczpuogentimnltoma-

2173 2523 2420 2579 mmm,
2479 2512 2537 2568 et
2590 2521 2735 2584 quos
2788 2523 2850 2565 m
2902 2496 3232 2565 Thesauro
3289 2501 3381 2565 rei
3424 2501 3578 2567 anti·

606 2561 919 2635 Necesse
956 2583 1094 2637 non
1134 2574 1247 2645 est,
1277 2565 1442 2632 hanc
1466 2565 1675 2647 thesin
1703 2588 2022 2659 argumen-
2395 2600 2646 2688 quariae
2697 2599 3060 2667 huben-imo
3115 2600 3358 2669 exhibet

460 2664 551 2732 tis
600 2664 906 2746 stabilire,
966 2666 1113 2753 quia
1163 2686 1299 2732 eam
1344 2666 1581 2734 Goltzii
1620 2670 1840 2735 icones
1884 2690 2080 2757 cum
2135 2736 2139 2743 ,

456 2766 699 2849 nuntia,
785 2785 949 2856 quos
1012 2767 1137 2854 ipsi
1192 2779 1501 2853 ιειιειιιιιιε,
1577 2768 1848 2842 collatae
1915 2770 2022 2836 ab·
2265 2762 2581 2835 Goltzium
2638 2770 2707 2836 in
2764 2748 3077 2858 operibus*
3116 2769 3244 2836 suis
3295 2710 3662 2837 incredibili

458 2867 636 2935 unde
677 2867 1107 2954 comprobant.
1195 2869 1454 2952 Addidi,
1498 2871 1577 2936 iis
1605 2891 1845 2937 numos
1888 2892 2019 2937 sae·
2088 2887 2348 2936 numero
2415 2871 2826 2959 proposuisse
2885 2891 3141 2950 numos,
3167 2877 3193 2890 ‘
3217 2893 3484 2958 quorum
3551 2872 3657 2938 de·

458 2986 558 3055 pe
598 2987 793 3033 raros
818 2968 1133 3050 contineri.
1218 2971 1347 3037 Est
1386 2980 1593 3042 tamen
1631 2973 1857 3039 horum
1898 2994 2020 3060 pro
2086 2971 2237 3038 inde
2290 2972 2397 3039 alii
2447 2973 2716 3044 οἰωΰαεζ
2734 2974 3058 3059 conspecti
3110 2991 3246 3038 non
3289 2982 3464 3052 sunt,
3521 2991 3657 3039 non

455 3069 662 3136 variis
705 3067 1001 3137 classibus
1043 3070 1394 3141 discrimen.
1479 3073 1555 3140 In
1593 3075 1769 3142 fastis
1798 3095 2020 3140 consu·
2089 3072 2285 3139 modo
2371 3094 2503 3144 non
2590 3072 2972 3154 inficiantur,
3072 3070 3187 3139 sed
3269 3071 3692 3142 admirantur.

456 3168 703 3244 laribus
758 3170 866 3237 vix
916 3169 1187 3287 aliquem
1232 3176 1504 3262 reperias
1570 3176 1887 3244 denarium
1941 3197 2023 3244 ex
2088 3195 2342 3264 quoquc
2403 3176 2506 3243 vel
2569 3177 2646 3256 ii,
2722 3175 2829 3263 qui
2888 3173 3146 3240 Goltzio
3216 3173 3483 3241 maxime
3546 3165 3658 3261 pa·

458 3270 575 3352 iis,
634 3271 796 3387 qnos
848 3292 991 3338 nos
1021 3273 1088 3339 in
1139 3275 1296 3342 raris
1353 3286 1672 3366 putamus,
1722 3299 2024 3367 rarosque
2086 3271 2489 3360 trocinantu'r.
2576 3278 2665 3343 At
2713 3275 2882 3344 istud
2921 3275 3127 3362 ipsum
3171 3275 3321 3348 viris
3371 3273 3651 3355 eruditis,

460 3372 853 3460 experimur.
923 3373 1078 3441 Non
1113 3369 1206 3441 lbi
1247 3389 1607 3466 comparent
1656 3382 1826 3448 numi
1876 3399 2022 3467 gen·
2094 3400 2358 3467 quorum
2431 3397 2619 3466 supra
2687 3378 3044 3446 testimonia
3126 3375 3435 3464 produxi,
3521 3397 3655 3444 non

461 3474 547 3539 tis
633 3473 885 3556 Arriae,
986 3476 1666 3570 Crepereiae,1tiae,
1769 3482 2025 3563 sentiae,
2093 3490 2448 3568 suspectum
2492 3478 2696 3548 solum
2740 3489 2868 3561 est,
2927 3475 3042 3545 sed
3083 3478 3272 3565 plane
3321 3477 3652 3548 incredibi-

464 3574 890 3655 Cornuficiae,
997 3576 1328 3663 Horatiae,
1437 3581 1647 3666 nullus
1741 3581 2039 3665 Labieni,
2092 3581 2186 3663 le,
2228 3582 2512 3669 potuisse
2553 3579 2633 3646 ab
2676 3600 2805 3645 uno
2849 3580 3108 3647 homine
3148 3579 3493 3688 possideri,
3547 3590 3664 3652 ant

468 3672 676 3744 nullus
744 3674 961 3744 Sullae
1044 3700 1294 3762 aureus,
1382 3695 1464 3748 ne
1547 3703 1706 3762 unus
1764 3683 2025 3770 quidem
2091 3684 2276 3749 etiam
2326 3683 2395 3748 in
2445 3682 2705 3762 muscis,
2766 3702 2926 3769 quae
2978 3692 3130 3747 tunc
3176 3703 3292 3770 per
3333 3681 3653 3768 Europam

384 3819 393 3823 -
468 3774 631 3842 Sex:
667 3776 997 3866 Pompeji.
1069 3781 1142 3847 Si
1205 3778 1326 3849 hos
1380 3784 1695 3870 possedit,
1768 3783 2022 3868 viditve,
2060 3771 2400 3864 claruere
2505 3783 2788 3870 conspici
2869 3791 3046 3850 tanta
3132 3783 3318 3871 copia
3402 3803 3649 3861 numos,

464 3896 586 3942 cur
635 3876 711 3943 iis
758 3898 908 3946 usus
960 3900 1093 3946 non
1144 3894 1273 3965 est,
1328 3885 1661 3974 praecipue
1711 3905 1850 3952 cum
1908 3884 2023 3952 ho·
2091 3890 2265 3972 cujus
2307 3881 2481 3954 modi
2505 3899 2728 3971 neque
2768 3883 3116 3970 principum
3167 3891 3487 3981 sumptus,
3542 3903 3648 3950 ne·

460 3977 606 4051 tu‘m
652 3977 833 4044 multi
880 3979 1056 4049 fastis
1109 3985 1237 4050 suis
1288 3984 1553 4054 fuissent
1613 3986 2023 4054 ornamento?
2088 4007 2213 4078 que
2276 3986 2656 4074 locupletum
2720 3985 3100 4072 privatorum
3173 3984 3489 4052 obstinata
3546 4006 3647 4051 cu·
3679 4047 3685 4058 .

460 4078 588 4145 Sin
626 4078 830 4165 ignoti
867 4079 1069 4165 fuere,
1114 4088 1260 4170 jure
1308 4106 1643 4176 possumus
1702 4086 1781 4154 de
1822 4085 2071 4172 longo
2091 4087 2352 4175 piditas,
2420 4108 2622 4176 neque
2673 4106 2891 4154 eorum
2940 4086 3293 4167 contentio,
3366 4088 3476 4175 qui
3535 4106 3650 4179 per
3695 4115 3708 4122 ’

456 4178 870 4264 angularium
930 4187 1065 4268 ejus
1135 4187 1462 4254 numorum
1532 4189 1773 4274 agmine
1844 4188 2021 4256 dubi·
2091 4211 2339 4257 omnem
2413 4189 2600 4256 vitam
2663 4187 2854 4278 patrii
2916 4187 3041 4266 soli
3125 4188 3367 4255 viscera
3446 4187 3650 4256 rimati

462 4290 638 4361 tare,
701 4301 841 4349 cum
909 4305 991 4351 ne
1056 4306 1169 4353 eos
1235 4289 1483 4377 quidem
1545 4288 1801 4368 viderit,
1868 4310 2024 4377 quo·
2091 4299 2270 4372 sunt,
2327 4301 2399 4358 ut
2454 4291 2534 4358 ab
2587 4312 2668 4357 eo
2722 4289 2950 4358 veteris
3004 4298 3293 4357 monetae
3349 4287 3646 4374 reliquias
3755 4339 3764 4348 .

460 4401 609 4447 rum
685 4391 893 4452 tamen
977 4385 1158 4472 plura
1239 4389 1615 4484 exemplaria
1684 4411 1766 4458 ex
1835 4392 2021 4458 variis
2088 4400 2586 4479 extorquerent,
2650 4391 2936 4459 obtinere
2997 4393 3350 4475 potnerunt.
3466 4385 3650 4454 Nihil

461 4482 673 4550 nostri
725 4484 865 4553 aevi
911 4488 1139 4555 muscis
1182 4501 1325 4559 sunt
1348 4503 1701 4581 comperta
1782 4490 2020 4562 Mirum
2088 4502 2265 4562 erant
2326 4493 2665 4581 comparati
2731 4513 2869 4561 cum
2931 4490 3190 4559 Goltzio
3239 4507 3440 4575 reges
3495 4487 3645 4560 Gd-
3785 4561 3788 4564 .

522 4598 781 4667 (rou)
1024 4681 1041 4704 Ι
1220 4677 1231 4688 ,
1393 4670 1401 4678 ‚
2429 4646 2440 4652 -
3228 4616 3258 4676 t
