4500 5650
897 460 1171 513 cxxvm

899 624 1090 670 unum
1162 601 1501 668 alterumve
1572 600 1640 667 in
1716 598 1938 679 e'adem
2006 622 2194 667 causa
2253 621 2459 668 exem·

898 704 1073 792 plum
1138 700 1471 791 praecipue
1534 701 1600 768 in
1672 704 1930 769 materia
2001 712 2221 790 suapte
2254 702 2462 766 -clara

772 874 781 879 .
897 798 1262 873 tantundem
1325 803 1583 897 probat,
1672 815 1965 892 quantum
2034 804 2277 891 amplus
2349 824 2457 868 eo·

897 930 1035 975 rum
1104 905 1453 990 catalogus,
1546 906 1791 1022 qualem
1852 905 2145 971 instruxit
2209 904 2453 972 Froeli·

901 1009 1105 1090 chius,
1194 1007 1418 1095 partim
1474 1008 1619 1095 quia
1674 996 1897 1075 multas
1953 1009 2009 1075 is
2066 994 2286 1085 causa's
2340 1012 2461 1074 tr'a-

900 1109 1087 1176 ctatui
1133 1130 1250 1175 suo
1295 1110 1573 1191 inseruit,
1620 1130 1774 1195 quas
1818 1131 1939 1175 nos
1982 1111 2048 1176 in
2085 1107 2464 1196 praeceden-

787 1300 793 1304 ·
833 1229 839 1234 ·
900 1212 1067 1278 tibus
1115 1212 1572 1277 commentariis
1606 1214 1740 1295 jam
1781 1210 2266 1299 expedivimus.

1072 1312 1404 1391 Veteribus
1442 1322 1451 1405 J
1468 1314 1828 1379 monetariis
1884 1315 2017 1379 sive
2071 1314 2140 1378 in
2183 1311 2463 1399 scalpen

902 1410 1001 1476 dis
1066 1413 1453 1496 matricibus,
1545 1414 1679 1480 sive
1751 1416 1818 1480 in
1883 1413 2183 1481 feriundis
2263 1415 2464 1480 numis

903 1513 1142 1600 aliquid
1201 1518 1484 1602 potuisse
1540 1515 1824 1583 accidere
1848 1540 1855 1544 ⁴
1876 1516 2261 1597 humanituS,
2327 1516 2465 1604 quis

810 1685 819 1689 ,
901 1614 1192 1700 negabit?
1297 1615 1491 1705 Atqui
1543 1626 1607 1682 et
1660 1616 1876 1702 lapsos
1930 1620 2125 1686 fuisse
2175 1619 2463 1707 frequen·

882 1704 1026 1796 ter,
1085 1725 1149 1781 et
1193 1716 1442 1803 quidem
1486 1718 1894 1804 negligentia,
1950 1741 2136 1808 quam
2194 1721 2336 1807 ipsa
2376 1720 2463 1786 fa-

834 1816 1104 1883 1'cilitas
1190 1808 1457 1906 nequeat
1542 1842 1877 1909 excusare,
1965 1821 2232 1888 infinita.
2275 1820 2465 1894 habe·

901 1934 1038 1984 mus
1104 1919 1493 1988 documenta.
1592 1916 1992 1989 Monendum
2055 1935 2293 2004 tamen,
2355 1924 2465 1988 vix

900 2019 1110 2106 aliqua
1193 2023 1453 2107 reperiri
1478 2016 1495 2045 ⁸
1538 2025 2023 2090 monetariorum
2119 2024 2492 2114 sphalmata

899 2122 966 2185 in
1020 2131 1276 2187 moneta
1320 2116 1593 2203 Graeca,
1660 2146 1820 2210 quae
1876 2127 2120 2210 signata
2175 2126 2293 2191 fuit
2349 2126 2464 2190 flo-

854 2210 1182 2287 ‘rentibus
1238 2224 1537 2288 Graeciae
1592 2224 1812 2303 rebus,
1874 2235 1979 2290 aut
2034 2226 2278 2292 saltem'
2306 2247 2463 2293 non-

790 2326 807 2397 ]
904 2321 1049 2387 dum
1094 2320 1280 2388 valde
1324 2324 1579 2403 attritis,
1635 2333 1699 2388 et
1741 2316 1805 2390 'si
1862 2325 2014 2411 quid
2071 2316 2236 2392 forte
2278 2329 2341 2391 in
2389 2349 2466 2394 ea

899 2422 1217 2491 videbitur
1279 2434 1632 2511 peccatum,
1723 2425 2008 2492 adhibito
2080 2428 2292 2494 studio
2359 2449 2465 2515 pa·

900 2533 1034 2590 tere
1086 2524 1496 2613 plerumque,
1556 2527 2010 2595 absolvendum
2053 2533 2198 2614 jure
2252 2552 2468 2597 mone—

884 2627 1141 2693 tarium.
1232 2628 1340 2692 Sic
1392 2650 1530 2695 cum
1573 2628 1933 2697 Florentiae
1984 2632 2053 2696 in
2106 2638 2324 2698 museo
2367 2632 2463 2699 Μ.

900 2729 1098 2794 Ducis
1152 2727 1491 2828 inciderem
1559 2731 1625 2795 in
1678 2752 1932 2799 numum
1981 2732 2466 2821 Thespiensium

902 2830 1278 2918 elegantem,
1347 2841 1410 2898 et
1461 2843 1882 2918 pervetustum
1936 2857 2075 2902 oum
2128 2835 2464 2918 insolente,

876 2932 1016 3000 sed
1060 2916 1376 3001 luculenta
1418 2935 1759 3023 epigraphe
1807 2937 2349 3020 ΘΕΣΠΙΚΟΝ,
2400 2940 2468 3004 in

844 3058 980 3110 ‚eo
1059 3056 1255 3117 eram,
1345 3045 1414 3101 ut
1488 3035 1971 3104 condemnatam
2056 3040 2468 3107 monetarium

904 3138 976 3202 K
1048 3157 1167 3224 pro
1236 3123 1323 3201 Ε
1366 3138 1815 3220 intrudentem;
1900 3160 2114 3208 verum
2200 3141 2467 3210 conlatis

672 3227 687 3238 ¹
822 3295 827 3301 .
901 3236 1065 3302 aliis
1128 3237 1435 3324 exemplis
1499 3241 1747 3304 NATI
1742 3239 2056 3321 ΔΙΚΟΝ
2154 3243 2468 3308 ΤΕΡΣΙ-

903 3337 1132 3418 ΚΟΝ,
1188 3339 1639 3406 ΦΕΝΙΚΟΝ
1672 3348 1787 3407 etc.
1826 3340 2088 3410 edoctus
2131 3339 2317 3406 facile
2360 3340 2466 3424 fui,

903 3437 1315 3503 monetarium
1355 3440 1422 3505 in
1465 3438 1592 3506 hoc
1630 3462 1824 3506 numo
1862 3463 2043 3509 usum
2084 3442 2282 3509 verbo
2329 3466 2472 3522 κτη-

904 3553 1063 3623 τικῳ
1107 3559 1226 3626 pro
1270 3542 1543 3623 ἐθνικῳ.
1572 3583 1577 3588 -
1610 3541 1777 3607 Vide
1821 3539 1987 3608 dicta
2028 3545 2232 3630 capite
2260 3543 2471 3611 XVII.

907 3645 940 3721 §
985 3646 1045 3710 8.
1130 3638 1415 3706 Eandem
1468 3640 1718 3708 laudem
1771 3644 1892 3709 sibi
1934 3644 2205 3711 vindicat
2254 3667 2468 3712 mone·

904 3751 970 3807 ta
1032 3741 1351 3823 Romana,
1426 3764 1610 3840 quam
1679 3746 2104 3829 consularem,
2174 3757 2237 3813 et
2298 3747 2469 3813 fami-

906 3842 1129 3909 liarum
1199 3865 1528 3932 vocamuS,
1616 3844 1818 3913 modo*
1888 3870 2130 3928 numus,
2181 3850 2470 3922 subaera-

905 3954 1007 4011 tus
1061 3965 1194 4010 non
1247 3947 1350 4013 sit.
1443 3947 1744 4018 Graecam
1797 3949 2017 4017 serius
2051 3952 2328 4039 corrupit
2378 3953 2473 4019 in-

904 4065 1135 4134 gruans
1220 4046 1575 4131 barbaries,
1665 4050 2014 4120 Romanam
2100 4061 2314 4120 auctus
2401 4056 2467 4120 iu

1726 476 1759 533 4
1801 421 2553 519 PROLEGOMENA'
2617 415 3210 524 GENERALrA.
3331 459 3337 467 ·

2530 598 2853 687 paullatim
2902 596 3142 688 'pulcri
3227 604 3415 683 atque
3500 596 3844 682 elegantiae
3923 618 4112 677 cura,

2530 701 2805 790 denique
2854 700 3176 769 barbaries
3230 718 3551 786 quoque.
3622 697 3754 765 Sed
3794 702 3927 783 jam
3985 697 4110 763 ali·

2529 814 2685 890 quot
2768 804 3025 893 supinae
3106 799 3521 888 negligentiae
3590 798 3879 886 exempla
3945 821 4107 921 pro·

2528 903 2816 971 feramus.
3441 944 3450 951 -

2701 1005 2979 1072 Exhibet
3051 1002 3447 1071 Froelichius
3511 1021 3764 1070 numum
3835 1022 4106 1069 aeneum

2530 1107 2584 1172 I.
2633 1106 2909 1189 formae,
2964 1109 3071 1194 qui
3125 1127 3291 1173 nunc
3343 1116 3440 1171 est
3496 1106 3562 1171 in
3605 1125 3822 1171 museo
3869 1105 4100 1170 Caesa-

2533 1230 2678 1275 reo:
2769 1156 3223 1293 AV’REles.
3282 1206 3640 1274 CAESAR.
3691 1206 3895 1273 AVG.
3950 1204 4094 1272 ΡΠ.

2531 1308 2606 1376 F.
2696 1311 2884 1378 OOS.
3037 1298 3310 1394 Capu
3347 1309 3440 1375 M.
3531 1311 3809 1376 Aurelii·
3855 1313 4102 1377 παάιω.

2531 1412 2607 1495 )(
2669 1411 3046 1480 DESNOS.
3103 1412 3170 1477 S.
3230 1411 3298 1477 C.
3355 1412 3565 1477 Hom
3611 1423 3795 1476 dans.
3925 1411 4102 1477 Satis

2533 1524 2822 1601 apparet,
2907 1511 3218 1596 syllabam
3279 1512 3466 1579 DES.
3531 1511 3614 1577 ad
3680 1518 3920 1599 partem
3985 1511 4100 1578 ad·

2536 1616 2659 1681 huc
2722 1617 2986 1682 anticam
3053 1616 3397 1701 pertinere,
3466 1612 3559 1679 sic
3623 1622 3692 1679 ut
3755 1614 3837 1678 sit
3900 1612 4096 1685 GOS.

2530 1717 2754 1799 DES.,
2842 1736 3067 1803 nempe
3130 1721 3335 1783 consid
3394 1721 3772 1799 designant-r,
3857 1726 3922 1780 et
3973 1736 4098 1801 pro

2531 1820 2658 1885 hoc
2708 1821 2774 1885 in
2829 1839 3048 1887 aversa
3097 1816 3465 1904 ponendum
3524 1816 3688 1898 ΗΟ,
3746 1815 3839 1882 sic
3890 1825 3959 1885 ut
4010 1817 4102 1883 sit

2535 1920 2879 2001 HONOS,
2927 1920 3266 2015 epigraphe
3309 1917 3499 1987 obvia
3539 1919 3606 1984 in
3649 1920 3847 1984 numia
3888 1918 4094 1984 Aure·

2532 2023 2603 2089 lii
2647 2021 2949 2088 Caesaris.
3040 2006 3415 2109 Exemplum
3469 2017 3640 2085 aliud
3691 2016 3908 2107 inagis
3939 2019 4103 2108 lepi-

2535 2123 2682 2188 dum
2727 2121 2879 2187 olim
2928 2143 3011 2186 ex
3049 2143 3248 2188 aeneo
3293 2121 3643 2203 Alexandri
3685 2123 3829 2189 Sev.
3871 2123 3922 2189 I.
3969 2122 4102 2189 for·

2533 2246 2669 2291 mae
2715 2221 2893 2304 dedi,
2949 2224 3056 2310 qui
3114 2234 3213 2289 est
3252 2224 3317 2288 in
3362 2244 3582 2327 museo
3624 2222 3719 2292 ill.
3765 2224 3937 2289 Com.
3982 2224 4102 2290 Vi·

2531 2326 2654 2390 tzai
2674 2325 2758 2406 ¹),
2815 2316 2890 2390 in
2935 2328 3122 2410 cujus
3164 2345 3384 2394 aversa
3423 2333 3547 2391 est.
3635 2324 3917 2400 PMRTI
3957 2325 4102 2390 PA-

2536 2425 2862 2493 CIFERP.
2889 2425 2957 2493 S.
2982 2420 3052 2490 C.
3096 2428 4101 2546 Mar-egaleat'uastauadplaae

2531 2552 2795 2609 ramum,
2853 2551 2905 2595 a.
2953 2530 3203 2595 hastam.
3293 2522 3625 2597 Habentur
3662 2529 3848 2617 hujus
3902 2531 4100 2618 impe-

2531 2631 2761 2714 tatoris
2847 2630 3017 2697 numi
3103 2651 3242 2696 cum
3313 2630 3539 2699 eodem
3607 2632 3836 2713 Martis
3910 2641 4098 2719 typo,

2535 2754 2830 2820 quorum
2869 2732 2974 2797 alii
3029 2731 3479 2805 inscribuntur:
3567 2734 3638 2801 P.
3687 2733 3783 2803 M.
3832 2733 3969 2800 ΤΒ.
4026 2734 4100 2798 Ρ.
4209 2730 4228 2735 ”

2536 2836 2721 2904 COS.
2767 2834 2841 2902 P.
2885 2833 2988 2915 Ρ.,
3066 2831 3205 2900 alii:
3279 2829 4232 2916 MART1.PACIFERo.·

2505 2938 2636 3004 Ex
2703 2958 2830 3025 quo
2903 2945 3106 3022 patet,
3190 2939 3716 3019 monetarium,
3722 2951 3860 3006 cum
3922 2939 4099 3025 prio—

2532 3042 2666 3105 rem
2729 3036 3113 3126 epigraphen
3174 3038 3527 3125 insculpere
3593 3037 3835 3105 matrici
3901 3037 4098 3104 medi·

2533 3150 2794 3223 taretur,
2849 3138 3038 3205 finitis
3083 3142 3217 3224 jam
3259 3140 3573 3227 prioribus
3618 3131 3784 3225 binis
3823 3138 4098 3207 elemen—

2534 3244 2616 3309 tis
2671 3241 2752 3306 ad
2807 3240 3066 3308 alteram
3118 3238 3457 3328 dilapsum,
3521 3253 3719 3332 eaque
3775 3241 4103 3309 continua*-

2536 3353 2602 3410 ta
2641 3363 2761 3429 pro
2794 3342 2854 3420 Ο
2898 3344 2965 3407 in
3007 3341 3130 3408 fine
3173 3344 3386 3431 posito
3430 3364 3513 3410 ex
3554 3343 3792 3409 intenta
3833 3344 4102 3432 primum

2536 3444 2952 3532 inscriptione
3008 3446 3321 3531 recepisse
3373 3443 3618 3510 literam
3674 3445 3749 3514 P.
3847 3445 4105 3518 Docent

2538 3547 2695 3614 haec
2735 3545 3054 3634 exempla,
3099 3546 3325 3613 frustra
3368 3567 3507 3612 esse
3550 3568 3695 3628 eos,
3741 3548 3848 3635 qui
3891 3550 3955 3614 in
3997 3548 4099 3614 his

2536 3648 2629 3715 rei
2699 3648 3162 3715 numismaticae
3233 3646 3568 3714 abortibus
3640 3649 3855 3715 nescio
3945 3648 4102 3736 quid

2538 3748 2905 3816 eruditionis
2957 3738 3322 3816 reconditae
3375 3758 3783 3840 augurantur,
3842 3761 3905 3818 et
3958 3773 4101 3818 cum
4161 3777 4167 3782 ·

2537 3873 2651 3917 eos
2704 3847 2995 3939 tanquam
3049 3860 3340 3939 portenta
3395 3850 3700 3946 despuere
3756 3862 4100 3941 oporteret,

2539 3953 2766 4040 dignos
2812 3952 3027 4019 subtili
3073 3953 3500 4042 explicatione
3537 3961 3777 4041 putant.
3861 3953 4101 4020 Similis

2534 4065 2792 4122 naturae
2885 4075 3108 4122 numus
3211 4055 3361 4121 olim
3446 4055 3727 4122 Lutetiae
3775 4055 4096 4122 -emerm‘t.

903 4148 1271 4216 immensum
1355 4152 1838 4219 monetariorum
1911 4175 2238 4238 numerus,
2330 4153 2465 4223 offi-
2527 4155 2712 4224 IMP.
2755 4157 2834 4223 Τ.
2884 4155 3121 4223 CAES.
3167 4156 3404 4225 VESP.
3449 4155 3652 4223 AVG.
3698 4156 3768 4236 Ρ.
3810 4155 3908 4222 M.
3952 4156 4094 4222 ΤΒ.

908 4250 1083 4354 cinae
1138 4271 1259 4372 per
1324 4252 1707 4388 provincias
1746 4255 2148 4340 distnibutae,
2234 4258 2468 4325 omissa

1038 4468 1290 4536 21)th
1326 4474 1659 4544 megadom-

2533 4257 4098 4408 P.oos.v1n.capmmzw.)(AERES.
