4500 5650
685 353 984 523 „lm
1325 465 1422 479 .-
1583 386 1868 477 ‘-‘
2058 415 2898 519 ινοΑΝιΑ.,

826 576 1092 666 pulsum.
1179 575 1355 641 Idem
1401 577 1635 663 repetit
1699 575 1862 643 infra
1921 585 2107 665 atque
2161 580 2258 645 sie
2300 576 2394 642 hi·
2463 587 2529 646 at
2610 587 2738 646 tam
2821 586 3124 645 remotam
3208 567 3475 659 aetatem
3542 568 3872 656 diffitetur,
3958 584 4027 641 ut

827 680 1085 746 storiam
1138 678 1396 744 retexit
1404 684 1480 756 ⁸2)
1581 677 1910 760 Sybaritas
1966 680 2188 747 iterum
2244 698 2396 745 exu-
2465 676 2627 761 di'xi,
2723 681 2860 767 ejus
2929 677 3193 759 fabrica,
3290 685 3353 743 et
3424 675 3741 742 literarum
3804 674 4023 747 forma.
4056 724 4073 732 -

753 830 760 840 .
827 781 924 847 les
995 779 1340 867 impetratis
1418 779 1520 863 ab
1561 774 2084 848 Atheniensibus
2120 779 2441 860 auxiliis,
2463 780 2567 846 An
2640 778 2861 869 paullo
2935 787 3087 866 post
3148 778 3490 845 restitutam
3564 778 3732 844 eirea
3798 797 4030 845 annum

828 882 1190 970 vocatisque
1247 881 1315 945 in
1375 881 1738 947 societatem
1805 902 1888 949 ex
1941 882 2230 951 universa
2280 881 2403 947 Pe·
2463 880 2544 947 V.
2590 881 2678 948 =C.
2737 886 2885 951 310.
2949 876 3212 949 urbem?
3296 880 3530 957 Vei-um
3602 878 3751 945 huid
3786 876 4031 953 ‘adhuc

825 984 1184 1071 loponueso
1238 982 1489 1050 colonis
1543 1004 1832 1050 reversos
1884 983 1952 1049 in
2006 984 2270 1091 patriam
2310 1001 2397 1048 ex
2463 982 2651 1050 aetati
2719 992 3036 1076 repugnat·
3094 980 3278 1048 labor
3350 981 3749 1068 perelegans,
3847 989 4033 1067 caput
4174 1059 4181 1068 π

829 1084 1067 1151 oraculi
1151 1087 1392 1154 monitu
1479 1106 1683 1173 prope
1760 1094 2033 1151 veterem
2120 1084 2397 1167 Sybarin
2463 1083 2737 1151 Palladis
2808 1072 3067 1161 multum
3144 1091 3435 1180 exstans,
3547 1087 3806 1177 ejusque
3867 1083 4031 1149 nito·
4052 1120 4065 1124 -

583 1213 594 1220 ·
671 1246 724 1269 -.
828 1187 994 1275 apud
1056 1185 1327 1268 fontem,
1429 1187 1530 1251 cui
1596 1203 1860 1252 nomen
1901 1188 2199 1265 ἸῚιιιπὶιο,
2281 1206 2395 1252 no·
2459 1187 2579 1268 ris,
2668 1183 2871 1273 qualis
2934 1183 3096 1251 illud
3160 1185 3229 1251 in
3267 1184 3720 1273 pulcherrimis
3778 1182 4029 1264 Veliae,

825 1309 968 1355 vam
1025 1288 1246 1355 urbem
1300 1285 1590 1368 molitos,
1673 1292 1857 1374 quam
1912 1310 1951 1354 a
2000 1288 2180 1367 fonte
2238 1290 2396 1354 Tlm-
2462 1285 2824 1385 Metaponti
2888 1296 3008 1353 etc.
3072 1278 3301 1368 numis
3343 1287 3611 1369 sistitur3
3706 1296 4029 1374 praeterea
4236 1272 4293 1308 ‘³

828 1396 984 1459 rimu
1040 1388 1456 1478 appellavere.
1531 1386 1832 1454 Factum
1892 1389 2090 1471 istud,
2172 1397 2243 1454 ut
2304 1387 2397 1453 di·
2464 1388 2885 1456 characterum
2927 1387 3038 1455 lex
3091 1390 3461 1472 novissima,
3528 1390 3649 1495 qui
3702 1387 3876 1462 istud
3914 1386 4025 1454 ad·

757 1544 780 1555 -
830 1501 993 1557 serte
1063 1488 1254 1556 docet
1313 1488 1662 1570 Dionysius
1713 1490 2292 1563 Halicarnassensis
2323 1488 2425 1591 ²),-
2463 1488 2637 1557 huc
2636 1511 2854 1558 aevum
2898 1490 2982 1554 in
3047 1489 3176 1557 hoc
3299 1493 3559 1579 aecipue
3616 1498 3863 1563 metu
3880 1509 4025 1576 pro·

663 1610 676 1617 ·
807 1584 998 1683 ‚anno
1051 1591 1131 1655 V.
1188 1590 1257 1658 C.
1301 1594 1481 1671 31.,0
1576 1612 1703 1679 quo
1750 1592 1978 1659 eodem
2022 1613 2190 1661 anno
2235 1597 2397 1657 teste
2461 1562 2669 1677 palam
2733 1592 3101 1661 inficiantur.
3277 1592 3457 1660 onfer
3519 1590 3705 1663 velim
3766 1585 4075 1658 numum‘

832 1672 1038 1758 Plinio
1083 1697 1132 1769 ¹¹)
1233 1684 1604 1758 Herodotus
1703 1693 1959 1777 Thuriis
2069 1690 2405 1759 historiam
2462 1694 2737 1760 Buxenti
2815 1704 2880 1761 et
2938 1694 3145 1763 sititis
3209 1694 3488 1781 ejusdem
3554 1692 3871 1797 Lucaniae
3928 1710 4030 1758 nr·

833 1812 1007 1863 suam
1062 1790 1338 1860 condere
1391 1795 1632 1882 coepit,
1703 1798 1826 1884 qui
1851 1794 2102 1883 patria
2112 1792 2396 1869 Halicar-
2465 1795 2634 1863 bium
2688 1817 2824 1863 non
2883 1794 3142 1869 multum
3206 1796 3489 1885 dispari
3498 1804 3731 1877 aetate,
3816 1804 3888 1863 ut
3938 1794 4028 1860 vi·
4100 1770 4111 1780 ’

834 1895 1150 1971 nassensis
1211 1905 1475 1963 tamen
1498 1896 1774 1964 Thurius
1836 1897 1963 1965 dici
2047 1893 2396 1973 consuevit,
2466 1896 2699 1981 dimus,
2766 1906 3158 1985 percussum,
3231 1908 3297 1965 et
3347 1874 3645 1965 fabricam
3694 1896 3956 1975 bovis,
3934 1917 4031 1961 ιιι-

689 2030 694 2035 ·
836 1997 1009 2085 quod
1063 1982 1303 2064 socium
1355 2019 1427 2063 se
1479 1995 1884 2065 deducendae
1934 1999 2241 2071 'rhun-ium
2291 2015 2398 2059 co·
2466 1999 2631 2079 cusi,
2674 2008 2803 2065 tum
2830 2000 3058 2067 literas
3101 2002 3186 2065 Π
3191 1999 3311 2081 Y...
3318 1997 3518 2066 ΟΕΣ
3567 1998 4031 2101 antiquissimae

757 2192 760 2197 ἡ
831 2099 1052 2166 loniae
1124 2097 1550 2184 adjunxisset,
1648 2110 1749 2167 ιιι
1785 2099 1979 2167 refert
2050 2096 2285 2166 Strabo
2327 2102 2395 2174 ¹)
2465 2100 2727 2171 rationis
2790 2122 2931 2167 cum
2978 2108 3322 2188 praesente
3377 2088 3674 2184 Sybaris,
3761 2121 3838 2167 ac
3898 2108 4030 2166 tum

721 2216 730 2225 ·
836 2202 982 2267 Ex
1008 2199 1284 2266 Diodori
1362 2200 1606 2269 calculo
1682 2200 1751 2266 id
1831 2199 2061 2271 factum
2139 2198 2425 2266 biennio
2466 2202 2628 2268 ande
2702 2211 2913 2268 tantae
2996 2201 3175 2267 illum
3262 2202 3643 2288 antiquitatis
3718 2200 4027 2290 profiteri·

839 2309 981 2368 ante
998 2306 1068 2379 ¹.)
1155 2292 1388 2385 Verum
1431 2322 1563 2366 non
1606 2300 1743 2382 diu,
1788 2294 2210 2391 prosequitur
2239 2297 2399 2362 Dio·
2468 2301 2719 2366 certum
2786 2302 2973 2386 igitur
3043 2301 3147 2367 vel
3216 2303 3298 2367 ab
3376 2303 3498 2368 hac
3582 2305 3725 2391 ipsa
3809 2322 4027 2378 eausa,

835 2402 1065 2484 dorus,
1152 2378 1495 2466 concordia
1549 2403 1714 2467 inter
1763 2401 2058 2468 Thurios
2097 2400 2396 2473 constitit.
2464 2398 2673 2471 inultis
2717 2402 2916 2467 serius
2958 2402 3183 2484 annis,
3250 2423 3434 2490 quam
3475 2403 3646 2471 istud
3689 2403 3903 2471 dicere
3940 2404 4028 2471 vi·

838 2504 1006 2577 Nam
1072 2523 1211 2568 cum
1269 2510 1512 2567 veteres
1567 2501 1900 2584 Sybaritae
1963 2503 2236 2569 colonos
2288 2498 2399 2566 ad·
2464 2501 2646 2570 detur
2714 2501 3077 2583 Diodorus,
3174 2502 3437 2572 alterum
3508 2506 3636 2573 hoc
3704 2506 4025 2591 Sybarita-

761 2594 784 2628 ⁸
839 2605 1102 2673 smtitios
1155 2601 1486 2672 inferiores
1530 2600 1859 2684 ducerent,
1931 2603 2002 2668 hi
2041 2604 2198 2669 inito
2245 2621 2396 2668 eon·
2462 2619 2598 2669 rum
2681 2590 2937 2670 factum
2995 2602 3362 2690 contigisse,
3426 2617 3534 2674 et
3614 2607 4028 2676 verisimiliter
4164 2634 4172 2640 ·

840 2708 1013 2787 silio,
1086 2726 1258 2772 nam·
1284 2723 1544 2770 numero
1599 2704 1958 2793 superiores
2000 2703 2209 2784 fuere,
2274 2703 2395 2783 Sy·
2461 2712 2758 2790 vergente
2813 2704 2895 2770 ad
2947 2703 3135 2771 finem
3187 2705 3441 2772 saeculo
3484 2708 3597 2777 lv.
3647 2709 3823 2776 urbis
3876 2718 4022 2783 con-2

840 2811 1073 2878 bal-itas
1134 2828 1337 2895 prope
1405 2824 1626 2872 omnes
1675 2806 2103 2880 internecione
2163 2804 2397 2887 delent,
2466 2802 2649 2876 ditae
2773 2805 2859 2871 Et
2888 2826 3065 2884 *vero
3114 2808 3357 2894 auctori
3411 2806 3588 2874 huic
3602 2818 3809 2877 cetera
3850 2810 4020 2900 prae·

840 2923 908 2981 et
975 2932 1095 2979 suo
1169 2911 1386 2976 urbem
1456 2907 1715 2975 arbitrio
1795 2928 2014 2994 regere
2095 2909 2424 2995 incipiunt
2467 2907 2643 2974 claro'
2703 2927 2836 2975 non
2897 2907 3048 2973 satis
3102 2906 3300 2988 fuisse
3353 2918 3624 3002 veterem
3680 2911 3868 2998 hujus
3927 2933 4027 2978 ur-

731 3063 741 3072 .
844 3011 1148 3102 permissa
1231 3010 1605 3078 Charondae
1685 3008 2159 3077 constituendae
2241 3011 2398 3097 reip.
2469 3010 2567 3078 bis
2620 3009 2944 3076 historiam
3002 3011 3345 3095 cognitam,
3406 3008 3568 3078 satis
3604 3022 3881 3102 apparet
3944 3034 4029 3080 ex

793 3123 808 3130 ”
848 3135 1013 3183 eura.
1138 3111 1314 3180 Idem
1385 3112 1602 3198 paucis
1674 3111 1863 3179 docet
1933 3101 2308 3179 Aristoteles
2331 3115 2401 3188 ·).
2467 3111 2602 3194 his,
2687 3131 2847 3199 quae
2912 3112 3179 3200 copiose
3229 3111 3313 3184 de
3364 3111 3705 3184 Charonda
3758 3113 4026 3182 Thurio-

919 3269 924 3272 .
1014 3211 1115 3284 ln
1133 3212 1294 3280 hac
1367 3214 1684 3293 oratione,
1774 3212 1949 3302 quod
2020 3213 2103 3280 ad
2177 3231 2405 3280 numos
2468 3232 2607 3279 rum
2656 3211 3014 3298 legislatore
3067 3212 3294 3281 eodem
3344 3213 3497 3312 loco
3555 3236 3670 3304 per
3722 3217 4029 3315 insignoen

845 3309 1206 3406 praesentes
1249 3315 1497 3395 attinet,
1565 3314 1724 3381 nihil
1767 3315 1937 3381 alind
1977 3312 2215 3394 turbat,
2278 3314 2406 3380 nisi
2470 3313 3041 3412 parachronismum
3092 3315 3316 3398 refert,
3405 3337 3587 3403 quem
3650 3322 3785 3404 jam
3853 3327 4026 3408 nota·
4210 3386 4223 3396 ,

847 3418 1022 3508 quod
1090 3415 1417 3488 Diodorus
1479 3395 1658 3481 hunc
1706 3415 2006 3483 civitatis
2011 3402 2431 3498 dissensum,
2470 3425 2617 3484 runt
2660 3405 3094 3503 wesselingus
3136 3423 3218 3504 ⁸),
3263 3427 3327 3485 et
3368 3417 3719 3506 Bentlejus
3720 3422 3819 3501 “’).-
4136 3411 4149 3418 ”

847 3531 912 3588 et
988 3528 1263 3585 veterum
1326 3516 1753 3598 Sybaritarum
1825 3517 2081 3588 exitium
2151 3513 2407 3595 nimium
2536 3555 2549 3566 ι
2644 3517 2717 3583 Si
2766 3518 2951 3604 igitur
3007 3539 3227 3586 numus
3266 3519 3378 3586 hic
3435 3520 3519 3588 ad
3557 3504 3816 3590 alteram
3856 3524 4028 3590 resti-

848 3618 1181 3718 tempori
1186 3618 1561 3684 constitutae
1630 3617 1950 3699 coloniae,
2058 3640 2171 3686 seu
2236 3639 2405 3686 anno
2473 3628 2643 3686 tutae
2721 3620 3021 3701 Sybaris
3066 3621 3374 3709 epocham
3450 3630 3549 3688 est
3617 3617 4030 3706 revocandus,

821 3711 925 3789 Ὺ.
971 3720 1041 3789 C.
1085 3724 1231 3790 310.
1276 3717 1587 3786 admovet.
1677 3720 1825 3797 Quo
1879 3717 2073 3800 enim,
2144 3713 2403 3807 quaeso,
2474 3719 2644 3785 aliud
2696 3720 2881 3787 etiam
2931 3720 3152 3806 docet,
3218 3723 3401 3811 quod
3456 3721 3543 3790 ad
3593 3724 3765 3792 urbis
3818 3727 4034 3816 appel·

845 3835 1127 3910 tempore
1195 3818 1536 3892 secundum
1604 3818 1767 3886 hanc
1840 3819 2140 3902 Dionysii
2207 3820 2405 3887 histo·
2474 3813 2819 3889 lationem
2841 3846 2882 3887 a
2950 3825 3134 3892 novis
3197 3825 3446 3894 colonis
3506 3824 3837 3894 inductam
3890 3848 4034 3915 per·

727 3971 742 3986 ,
851 3926 1009 4006 riam
1052 3915 1429 4010 descriptum
1471 3921 1575 3987 hic
1615 3941 1865 3988 numum
1899 3921 2165 3989 ΣῪΒΑ
2207 3923 2409 4009 signa-
2475 3923 2650 3988 tinet.
2745 3921 2978 3992 Str-abb
3033 3934 3098 3993 et
3149 3926 3477 3994 Diodorus
3531 3928 3611 3996 ab
3662 3928 3763 3995 his
3804 3937 4039 3996 novam

793 4051 800 4060 ’
851 4039 981 4093 ιιιιιι
1039 4021 1454 4094 stamemus?
1501 4044 1584 4090 an
1638 4015 1801 4090 ante
1834 4024 2098 4110 primum
2149 4021 2411 4106 Sybari.
2478 4021 2859 4090 aedificatam
2930 4023 3185 4096 urbem
3214 4049 3418 4118 prope
3478 4038 3807 4097 ³v'eterem
3830 4029 4035 4113 Syba-

707 4133 710 4140 '
852 4138 1053 4196 tamin
1107 4125 1422 4238 exciffium
1475 4112 1559 4191 D.
1613 4136 1758 4193 ante
1819 4123 2134 4203 Christum
2191 4123 2469 4193 annis?
2476 4127 2576 4193 rin
2619 4125 2949 4210 adserunt,
3025 4147 3284 4218 eamque
3337 4152 3379 4196 a
3428 4129 3605 4197 fonte
3646 4130 3884 4201 Thurin
3927 4154 4035 4221 ap-

983 4342 1472 4414 ..,)..ι.Χιια.ιο
1600 4346 1727 4404 oin
1765 4343 1918 4415 ι.1.ῑ.
1936 4343 2329 4441 rffupwss
2463 4341 2911 4412 u.)1.xu.§s.
3048 4345 3707 4421 x...'c)Lx1v‘y)1

988 4424 1052 4488 ι).
1080 4428 1143 4480 de
1184 4428 1309 4498 Rep·
1349 4427 1404 4482 1..
1441 4427 1500 4481 V.
1536 4449 1581 4484 e.
1617 4433 1664 4483 3.
1803 4426 1947 4508 αλιι.
1986 4421 2103 4481 485.
2140 4428 2194 4481 in
2231 4443 2374 4482 nota.
2513 4426 2579 4492 1»)
2617 4428 2781 4500 Epist.
2822 4426 3022 4490 Phalar-
3060 4449 3111 4497 p.
3147 4424 3267 4487 364.
