4500 5650
1572 530 2395 659 Hispania
2812 506 2819 513 ’
3424 548 3593 619 ,3

335 682 562 772 ⁴tonio
632 720 842 790 genus*
887 701 1116 793 <lucere
1181 699 1268 766 ob
1317 699 1780 797 ,ignobilitatem
1834 720 1946 766 no·
2015 701 2186 769 istud
2249 701 2369 769 sub
2425 704 2631 793 ipsum
2690 702 3033 771 Caesarum
3089 715 3415 790 exortum,
3470 710 3593 776 nisi

376 807 551 873 lebat
578 856 590 863 .
613 800 948 892 profiteri,
1021 804 1103 891 ‚in
1174 804 1374 868 numis
1445 803 1946 891 proposuissent,
2015 801 2180 871 forte
2231 808 2367 888 jam
2436 816 2646 885 antea,
2715 807 3089 894 ademptum.
3177 810 3428 876 Siciliae
3481 833 3589 879 nu·

315 930 322 941 ·
375 919 572 975 totam
636 906 1005 994 Hispaniam
1071 899 1393 975 cudendae
1458 916 1749 973 monetae
1840 926 1949 972 ure
2015 907 2101 972 mi
2153 898 2427 991 Augusti
2477 927 2695 973 aevum
2761 931 2893 975 non
2949 910 3279 983 excedunt.
3380 913 3592 1017 Quare

375 1010 673 1085 multasse
691 1009 771 1095 ι’).
835 1006 1038 1075 Mira
1100 1007 1418 1075 enimv'ero
1486 1009 1718 1076 oratio!
1802 909 1947 1074 '‘Cur
2011 1007 2452 1095 inquirendum
2526 1008 2768 1097 potius,
2850 1014 2960 1079 eur
3023 1034 3155 1079 non
3221 1012 3591 1101 permissum

317 1176 334 1191 „
378 1114 544 1181 mim
585 1118 724 1179 tota
766 1108 1077 1197 Hispania
1116 1109 1248 1177 luat
1283 1112 1604 1198 piaculum
1667 1112 1746 1178 ab
1803 1111 1945 1178 unis
2010 1110 2196 1177 fuerit
2250 1112 2548 1199 Europae
2604 1114 2670 1176 in
2727 1133 3019 1181 occasum
3075 1118 3389 1200 vergentis
3438 1138 3588 1205 pro·

363 1215 972 1300 caesaraugustanis
1029 1210 1408 1280 admissum?
1493 1215 1623 1281 Aut
1699 1234 1809 1280 cur
1876 1212 1945 1279 id
2011 1213 2239 1283 vinciis
2333 1213 2505 1300 quod
2594 1213 2803 1279 datum
2890 1212 3006 1279 fuit
3091 1216 3349 1313 reliquis
3427 1220 3591 1289 ultra

379 1317 766 1406 privilegium
811 1337 942 1382 non
970 1315 1373 1383 restituerunt
1402 1309 1801 1384 successores
1828 1316 1942 1383 Ca·
2008 1315 2395 1383 Adriaticum
2437 1325 2514 1380 et
2552 1316 2803 1381 Ionium
2854 1318 2920 1381 in
2978 1317 3280 1385 orientem
3337 1324 3586 1439 positis,

377 1420 640 1507 ligulae,
700 1440 831 1507 quo
883 1439 1006 1506 per
1046 1417 1232 1502 hujus
1285 1419 1583 1485 stolidum
1627 1420 1943 1505 ingenium
2009 1438 2270 1501 quarum
2328 1428 2581 1484 moneta
2647 1418 2809 1484 ultra
2875 1418 3233 1486 Gallienum
3320 1425 3587 1510 porrigi·

379 1521 652 1589 excidit?
769 1521 1057 1587 Ceterum
1134 1521 1360 1607 quibus
1431 1532 1557 1588 tam
1623 1531 1808 1593 atrox
1867 1543 1946 1587 ea
2009 1531 2140 1599 tur,
2195 1532 2261 1586 et
2303 1520 2648 1587 mirandum
2704 1522 2948 1611 potius,
3004 1531 3129 1587 tam
3186 1523 3296 1591 diu
3338 1526 3590 1594 licuisse

382 1624 664 1697 videtur
689 1622 916 1707 injuria
979 1621 1325 1710 Hispaniae
1392 1624 1653 1705 inflicta,
1731 1624 1780 1689 ii
1846 1645 1948 1691 ve·
2018 1622 2393 1709 Hispaniae,
2451 1621 2626 1709 quod
2680 1623 2818 1689 aliis
2870 1616 3068 1690 multo
3123 1630 3419 1696 maturius
3473 1630 3592 1699 fuit

379 1727 493 1793 lim
553 1734 863 1813 reputent,
925 1722 1104 1798 ‚idem
1158 1724 1407 1792 Galliae
1482 1726 1756 1793 coloniis
1829 1725 1946 1792 sub
2016 1723 2402 1812 ademptum,
2465 1736 2569 1793 aut
2633 1748 3001 1793 concessum
3045 1749 3377 1817 nunquam
3464 1731 3586 1799 Ve-

377 1830 522 1917 ipsa
596 1828 864 1914 Augusti
940 1836 1227 1914 tempora
1313 1828 1644 1910 accidisse,
1727 1828 1998 1895 Italiae
2013 1846 2150 1892 rum
2213 1827 2380 1893 hanc
2442 1824 2940 1916 disquisitionem
3000 1830 3081 1921 in‘
3134 1832 3339 1900 alium
3377 1833 3587 1901 locum

380 1941 602 2013 autem,
691 1930 909 1998 saltem
997 1915 1396 2012 continentis,
1487 1929 1760 1997 coloniis
1835 1934 1945 2015 jus
2016 1927 2378 2007 differimus.
2456 1988 2463 1991 .

1055 2150 1058 2153 ¹
1162 2154 1322 2229 ΙΙΙ.
1391 2154 1515 2229 De
1568 2157 1873 2230 metallo
1925 2157 2006 2228 in
2057 2112 2333 2229 numis'
2361 2112 2802 2277 szpanfhe.

545 2337 794 2403 Aureus
856 2337 1041 2423 hujus
1109 2339 1386 2423 regionis
1452 2356 1674 2404 numus
1734 2336 1940 2405 hacte-
2010 2337 2182 2402 simis
2239 2333 2574 2404 habendos
2634 2335 2799 2402 dixi.
2887 2322 3145 2416 Quibus
3192 2341 3289 2415 in,
3323 2296 3583 2410 urbibus

384 2460 496 2506 nus
548 2449 832 2527 repertus
886 2458 1018 2507 non
1075 2449 1199 2522 est,
1257 2440 1375 2507 etsi
1426 2460 1509 2506 ex
1552 2440 1869 2511 Strabone
1887 2441 1941 2526 ⁶)

273 2571 290 2579 ⁷
386 2542 642 2631 aliisque
693 2544 847 2611 satis
903 2553 1175 2624 constet,
1234 2543 1601 2630 Hispaniam
1656 2564 1791 2611 non
1834 2544 1964 2610 mi·⁴

385 2664 498 2713 nus
555 2646 766 2727 suros
809 2666 996 2733 quam
1051 2645 1187 2712 aliis
1247 2645 1516 2713 metallis
1572 2645 1940 2713 abundasse.

389 2748 593 2827 Quare
657 2769 742 2815 ex
802 2747 948 2836 ipso
991 2745 1137 2832 ΙῙιοιι
1187 2758 1484 2815 monetae
1548 2766 1771 2817 aureae
1836 2747 1940 2814 de·

386 2845 546 2918 fectu
600 2852 752 2922 certi
802 2869 946 2918 esse
1002 2872 1365 2938 possumus,
1423 2872 1558 2917 eam
1600 2851 1668 2917 in
1713 2849 1941 2938 Hispa-

389 2953 488 3019 nia
536 2943 604 3020 in
652 2974 772 3020 usu
821 2969 968 3020 non·
1006 2953 1213 3021 fuisse.
1313 2954 1484 3032 Quin
1537 2952 1705 3020 idem
1758 2953 1943 3018 etiam

385 3075 520 3122 non
588 3054 852 3122 obscure
914 3076 996 3124 ex
1061 3055 1222 3123 Livii
1295 3054 1505 3124 verbis
1573 3053 1942 3140 colligimus.

373 3150 550 3224 'Nam
624 3177 761 3224 cum
831 3178 1124 3226 summam
1201 3158 1502 3245 praedae,
1588 3178 1771 3245 qnam
1836 3177 1941 3224 ex-

384 3267 657 3347 pugnata
714 3281 754 3325 a
817 3260 1114 3347 Scipione
1167 3260 1480 3347 Carthago
1538 3260 1728 3328 Nova
1783 3259 1941 3325 intu-

2010 2439 2192 2505 numi'
2233 2438 2303 2504 hi
2366 2438 2642 2524 argentei
2696 2437 2983 2526 Hispane
3049 2440 3381 2529 loquentes
3450 2445 3585 2513 cusi

2013 2542 2167 2624 sint,
2232 2563 2388 2609 cum*
2439 2544 2574 2624 ejus
2628 2539 2877 2628 linguae
2930 2541 3229 2611 idoneum
3284 2545 3583 2632 interpre-

2010 2654 2138 2710 tem
2203 2645 2370 2709 nacti
2435 2642 2719 2731 nondum
2796 2645 3019 2728 simus,
3106 2648 3580 2736 incompertum.

2011 2745 2335 2815 Habemus
2430 2754 2641 2812 tamen
2726 2754 3085 2833 argenteum
3172 2748 3582 2826 Phoenicium

1969 2845 2300 2917 Gadibus
2342 2848 2668 2934 signatum,
2714 2858 2843 2917 tum
2887 2861 2952 2917 et
2997 2851 3352 2952 complures
3390 2856 3580 2922 Grae-

2011 2972 2123 3018 cos
2176 2950 2625 3048 Emporitanos
2686 2958 2752 3015 et
2805 2948 3205 3028 Rhodenses.
3296 2956 3581 3049 Sagunti·

2009 3073 2158 3121 num
2207 3039 2498 3140 possedit
2559 3051 2886 3120 Florezius
2908 3052 2985 3137 ·.)
3101 3055 3371 3172 Neque
3382 3060 3611 3128 etiam.

2011 3164 2282 3236 constat,
2330 3167 2467 3243 quo
2520 3162 2805 3242 tempore
2857 3165 3225 3242 agentum
3216 3159 3301 3224 in
3347 3160 3579 3279 Hispa-

2009 3256 2503 3333 niaflariferiri
2547 3254 2860 3324 desiverit.
2946 3257 3127 3325 Istud
3170 3271 3437 3344 eertum,
3484 3266 3577 3332 in·
3674 3251 3701 3286 ζ

385 3360 488 3442 lit,
550 3372 960 3443 enumeraret,
1029 3374 1346 3448 argentum
1408 3362 1659 3452 quidem
1714 3360 1945 3427 factum
2007 3359 2095 3428 de
2148 3383 2186 3427 a
2221 3360 2574 3427 Caesarum
2632 3369 2835 3426 aetate
2866 3361 3213 3447 antiquato
3277 3368 3581 3451 pecuniae

389 3464 840 3551 signatumque,
938 3473 1003 3531 at
1096 3465 1324 3532 factum
1409 3475 1645 3533 tantum
1731 3484 1946 3532 aurum

395 3566 726 3655 enarrat‘k)
844 3571 850 3576 ”

553 3668 905 3772 Argenteae
976 3677 1264 3736 monetae
1326 3635 1502 3735 usum
1516 3716 1534 3750 ‚
1621 3676 1694 3735 ut
1780 3665 1943 3754 apud

387 3767 711 3855 pla-nsque
751 3777 969 3855 gentes
1014 3768 1192 3852 alias,
1247 3770 1342 3838 sic
1392 3781 1456 3836 et
1477 3757 1672 3856 apud
1717 3763 1944 3857 Hispa-

319 3895 332 3902 *
384 3890 510 3936 nos
547 3870 790 3946 fuisse
846 3873 1358 3951 vetustissimum,
1445 3872 1678 3940 docent
1754 3871 1942 3949 numi,

2012 3472 2343 3551 argenteae
2382 3482 2501 3528 usu
2543 3482 2650 3529 aes
2691 3460 2921 3527 malleo
2957 3462 3320 3548 subJ'ectum.
3410 3469 3579 3548 Qua-

2011 3587 2082 3632 re
2123 3564 2421 3631 Florezio
2465 3585 2569 3629 res
2609 3564 2893 3634 insolens
2935 3566 3061 3631 visi
3096 3568 3265 3633 numi
3308 3568 3439 3636 duo
3485 3592 3577 3638 ar·

2013 3668 2218 3754 gentei
2272 3665 2681 3748 coloniarum
2758 3667 3149 3754 Carthaginis
3217 3667 3461 3738 Novae
3518 3683 3582 3739 et
3640 3712 3649 3720 -

2009 3768 2171 3835 llici
2204 3767 2342 3834 aevi
2382 3757 2729 3852 Augustei,
2781 3772 2930 3857 quin
2985 3778 3221 3836 tamen
3240 3784 3582 3861 propterea

2014 3868 2340 3936 adfirmare
2426 3867 2710 3950 auderet,
2787 3873 2895 3954 jus
2980 3876 3390 3943 monetarium
3464 3876 3577 3942 Hi-

385 3993 546 4060 quos
621 3993 811 4060 supra
886 3976 1088 4092 capite
1147 3971 1196 4040 I.
1285 3973 1572 4054 recitavi,
1663 3971 1950 4059 Hispana
2017 3973 2275 4060 spaniae
2332 3968 2607 4038 coloniis
2660 3968 2781 4036 hac
2836 3970 3041 4040 adhuc
3102 3982 3300 4040 aetate
3363 3976 3429 4041 in
3482 3996 3576 4043 ar-

381 4072 640 4168 lingua
659 4094 888 4143 omnes
948 4073 1258 4193 inseripti,
1337 4081 1426 4144 et
1463 4097 1625 4162 quos
1691 4084 1949 4162 propter
2014 4085 2265 4160 gentum
2304 4072 2672 4160 poemissum
2701 4073 2767 4157 ¹).
3246 4113 3253 4118 ·

377 4169 545 4250 hauc
591 4177 797 4265 ipsam
844 4197 1092 4245 causam
1144 4179 1214 4248 in
1257 4163 1602 4264 Hispaniae
1654 4177 1946 4265 antiquis-

581 4405 728 4446 ,4⁴-

403 4434 576 4448 -o—-a—-a

519 4594 583 4660 h)
621 4595 777 4650 Num.
815 4596 989 4674 euleu.
1027 4595 1124 4647 sub
1165 4567 1408 4674 Agrippa.v
1544 4594 1601 4664 ιι)
1636 4596 1697 4647 1..
1735 4595 1844 4650 111.-

1956 4594 2012 4658 d)
2047 4596 2107 4648 Β.
2139 4593 2347 4649 ΧΧἭ.’
2371 4583 2436 4647 es
2453 4590 2538 4656 47.

3078 4438 3142 4446 —
3166 4437 3577 4456 ·-·-·--·-·-*-'—-—-

2661 4593 2716 4660 e)
2752 4543 2917 4649 Τοιιι.Ι
2944 4594 3119 4742 Ill-Ap.
3155 4591 3272 4648 11&
3375 4595 3424 4668 ι)
3457 4602 3491 4654 1.
3532 4624 3575 4656 c.

3053 4745 3061 4752 ,
3138 4682 3181 4747 2
