4500 5650
852 2004 865 2012 ’
957 2023 1183 2089 nempe
1312 2001 1823 2072 Callatianorum
1926 2000 2219 2068 Moesiae
2238 2003 2333 2088 ¹⁸),

955 520 1105 573 cxll

957 668 1366 755 argumentis,
1455 680 1523 737 ut
1587 690 1807 757 spero,
1892 691 2029 749 non
2091 639 2560 760 aspernandis,

852 764 871 779 ⁸
958 772 1361 841 constitutum
1438 773 1630 838 fuisse
1695 771 1807 838 ab
1843 774 2032 839 Asiae
2092 774 2387 856 urbibus,
2457 784 2526 840 ut

955 861 1233 959 illustres
1284 875 1351 939 hi
1380 875 1688 947 Sidetum
1743 874 1910 940 numi
1976 874 2192 941 addita
2243 897 2521 949 commu·

954 978 1023 1043 ni
1086 987 1237 1043 nota
1309 978 1385 1044 in
1441 977 1950 1089 cistophororum
2023 980 2530 1045 communionem

953 1082 1407 1168 reciperentur,
1481 1089 1545 1145 et
1602 1100 1994 1149 communem
2047 1103 2184 1146 cum
2239 1081 2367 1147 illis
2425 1104 2525 1148 va·

744 1158 759 1175 Ι
851 1172 867 1215 ·”
956 1174 1158 1249 lorem
1232 1182 1605 1253 obtinerent.
1710 1180 2037 1269 Quidquid
2122 1183 2269 1264 erit,
2357 1180 2525 1249 istud

1874 506 2620 581 PROL'EGOMENA
2682 500 3258 581 GENERALIA.

2760 630 3018 739 Interea
3060 693 3193 738 non
3247 679 3434 757 negat
3474 665 3878 748 Pellerinins,
3933 660 4169 733 lactum
4239 716 4252 725 .

2592 775 2777 841 etiam
2839 774 3116 856 fuisses*
3142 780 3212 839 u't
3263 772 3570 839 civitates
3635 754 3927 837 monetae
3997 768 4184 857 apud

2592 900 2662 944 se
2735 874 3027 964 signatae
3099 884 3284 942 notas
3351 870 3880 973 superadderent,
3968 869 4166 960 idque

2593 979 2860 1066 augendi
2926 985 3061 1066 ejus
3135 979 3371 1051 valoris
3427 996 3616 1043 causa
3631 975 3715 1060 ⁸.)
3807 976 3966 1060 Ejus
4029 974 4166 1063 qni-

2596 1079 2738 1148 dem
2806 1081 3095 1169 exempla
3159 1080 3568 1149 nominatim
3591 1079 3750 1164 ipse·
3792 1097 3922 1142 non
3992 1096 4167 1141 com-

2592 1194 2968 1266 memorat,
2986 1183 3102 1250 sed
3144 1205 3404 1271 possum
3450 1181 3779 1270 supplere,
3836 1176 4009 1267 quod
4057 1199 4168 1244 ne·
4199 1182 4220 1199 ’

955 1295 1221 1364 certum,
1286 1282 1568 1349 Sidetum
1621 1290 1844 1350 numds
1899 1285 2296 1371 peregrinam
2332 1285 2524 1351 fuisse
2589 1286 2952 1373 fingendum
2993 1272 3253 1375 putavit.
3343 1287 3419 1353 In
3461 1286 3663 1352 numia
3721 1282 3921 1349 tribus
3967 1279 4167 1363 Myn-

952 1387 1022 1452 in
1085 1386 1410 1473 provincia
1472 1386 1626 1451 Asia
1701 1396 2041 1468 monetam,
2112 1409 2298 1475 quam
2367 1410 2522 1455 vero
2589 1384 2950 1457 lenaeoruin
3004 1390 3257 1456 maximi
3306 1388 3549 1456 moduli
3601 1387 3676 1453 L.
3720 1384 3906 1467 Veri,
3975 1383 4165 1450 Com·
4235 1444 4242 1451 .

957 1487 1143 1554 aliam
1184 1504 1402 1554 eorum
1457 1489 1548 1553 sic
1591 1488 2013 1557 notandorum
2056 1490 2372 1576 possimus
2417 1489 2524 1556 ad-

956 1591 1122 1658 ferre
1185 1612 1462 1670 cansam,
1528 1611 1713 1677 quam
1777 1602 1846 1658 ut
1910 1593 2291 1659 Asianorum
2343 1614 2524 1668 com·

956 1693 1189 1761 mei-cio
1254 1693 1607 1760 servirent?
1683 1692 1933 1785 Eodem
1998 1696 2064 1760 in
2133 1717 2329 1783 opere
2386 1717 2524 1781 spe·

758 1766 763 1775 ¹
814 1744 861 1826 ι·
958 1796 1247 1863 ctandum
1286 1840 1295 1849 -
1337 1792 1485 1861 dedi
1568 1795 2090 1862 tetradrachmum
2176 1792 2540 1894 Alexandri(

958 1899 1091 1981 M„
1154 1900 1253 1965 cui
1304 1900 1683 1986 impressum
1748 1899 1983 1967 ΚΑΛ.
2051 1897 2267 1965 addita
2331 1899 2524 1988 spica,

2464 2009 2528 2066 et

956 2104 1175 2195 paullo
1231 2086 1418 2190 supfa
1467 2104 1776 2190 proposui
1833 2124 2085 2171 numum
2126 2106 2340 2187 Tyrae
2382 2104 2526 2170 Sar·

956 2208 1182 2279 matiae
1235 2227 1375 2271 cum
1427 2206 1612 2271 simili
1682 2207 1892 2294 spicae
1966 2216 2123 2273 nota
2197 2229 2235 2271 a
2308 2207 2527 2301 vicinis

956 2312 1106 2377 item
1168 2308 1559 2388 Callatianis,
1650 2317 1717 2374 ut
1786 2310 2098 2394 conJ’icere
2162 2309 2340 2390 licet,
2420 2309 2530 2374 im-

957 2433 1196 2503 pressa.
1285 2410 1583 2495 Vulgavit
1667 2400 1925 2496 Ignarra
1967 2411 2224 2477 obvium
2267 2432 2531 2479 aeneum

957 2514 1271 2603 Neapolis
1310 2511 1716 2605 ijnpaniae
1785 2522 2037 2579 numum
2112 2522 2272 2600 typo
2346 2512 2529 2580 bovis

838 2620 843 2631 '
959 2640 1101 2685 cum
1171 2614 1329 2684 facie
1393 2615 1692 2697 humana,
1769 2616 1845 2681 in
1910 2620 2087 2700 cnjus
2153 2636 2279 2681 nna
2351 2626 2530 2701 parte

960 2727 1285 2807 comparet
1334 2727 1486 2783 nota
1542 2718 1758 2784 incusa
1811 2719 2120 2799 SVESA,
2199 2738 2361 2805 quae
2415 2717 2531 2783 fuit

960 2822 1111 2892 urbs
1175 2820 1549 2907 Campaniae
1580 2819 1691 2901 ¹).
1761 2818 1940 2888 Haec
2014 2840 2166 2907 ergo
2238 2808 2529 2925 exempla

959 2926 1111 2994 satis
1162 2917 1439 3013 probant
1487 2926 1591 3008 jus
1646 2922 1771 2989 sibi
1826 2924 1892 2988 in
1945 2924 2334 3040 peregrinam
2395 2944 2526 2988 mo·

791 3053 801 3066 ·
924 3017 1166 3114 ,netam
1226 3015 1623 3114 permissum,
1688 3024 2095 3114 valoremque
2164 3028 2225 3092 ei
2277 3025 2529 3113 publice

961 3130 1302 3202 definitum.
1388 3125 1499 3194 Ex
1547 3127 1768 3194 eadem
1827 3129 2141 3210 doctrina,
2200 3130 2529 3218 prosequi·

958 3244 1061 3302 tm·
1130 3231 1500 3324 Pellerinins
1525 3231 1632 3314 ¹¹¹),
1707 3240 1990 3297 tenemus
2062 3253 2340 3314 causam,
2419 3252 2530 3298 cur

959 3355 1150 3422 saepe
1195 3333 1355 3411 duo,
1415 3331 1567 3418 qui'n
1592 3339 1683 3397 ·et
1736 3333 1856 3398 tria
1909 3332 2117 3418 sigilla
2173 3334 2283 3399 uni
2329 3349 2528 3404 numo

958 3436 1264 3523 impressa
1317 3433 1456 3498 sint.
1547 3433 1712 3500 Nam
1766 3444 2176 3523 posteaquam
2221 3434 2374 3502 urbs
2415 3436 2527 3502 ali·

962 3558 1085 3625 qua
1147 3556 1397 3628 numum
1462 3538 1859 3622 peregrinum¹
1918 3539 2156 3606 inserta
2225 3548 2382 3610 nota
2423 3539 2529 3605 —ci-

802 3653 811 3662 “
908 3635 917 3656 “
961 3640 1151 3706 vitate
1210 3637 1496 3720 donavit,
1566 3639 1620 3704 si
1654 3642 1737 3706 ·is
1803 3640 1968 3708 forte
2023 3641 2091 3707 in
2146 3641 2330 3709 aliam
2385 3642 2530 3709 civi·

960 3721 1151 3809 tatem
1215 3739 1456 3835 delatus
1531 3750 1657 3822 est,
1728 3742 1886 3809 haec
1961 3741 2185 3810 eodem
2259 3745 2528 3830 consilio

961 3853 1176 3913 notam
1265 3865 1437 3914 suam
1501 3842 1753 3927 intulit,
1829 3867 1951 3933 qua
2026 3858 2367 3934 conspecta
2419 3847 2530 3914 ad·

960 3957 1321 4022 moneretur
1380 3946 1686 4034 populus,
1756 3950 1890 4033 eius
1959 3947 2259 4036 deinceps
2326 3971 2527 4034 usum,

960 4060 1254 4139 tanquam
1296 4051 1597 4138 pecuniae
1637 4049 2045 4135 domesticae,
2090 4054 2488 4140 permissum:

1074 4489 1165 4555 Ἰι)
1201 4508 1311 4557 pag.
1345 4483 1431 4556 llll„
1559 4495 1563 4504 '
1670 4491 1711 4555 Ι)
1748 4493 1813 4546 de
1852 4492 1955 4544 Pal.
1992 4492 2147 4566 Neap.
2186 4515 2235 4563 p.
2276 4489 2392 4554 249.

964 4571 1030 4642 o)
1065 4573 1250 4644 suppl.
1286 4574 1345 4627 11.
1381 4578 1486 4630 tab.
1518 4575 1605 4629 1V.
1641 4595 1695 4632 ιι.
1733 4577 1782 4634 7.
1818 4582 1866 4633 8.
1901 4583 1953 4638 9,
2030 4615 2043 4631 .

3298 4357 3318 4369 δ

2025 4389 2482 4424 “Qu-..x
2491 4413 2612 4424 ⁴-—
2617 4413 2667 4423 ο-ο-
2675 4411 3390 4428 ’Μ’
3398 4397 3633 4430 W.
3646 4411 3654 4420 ¹

2817 4442 2825 4464 f
3543 4437 3556 4450 ἱ

2592 1494 2802 1574 modi,
2873 1503 2938 1559 et
2991 1492 3353 1610 Crispinae,
3401 1512 3585 1580 quos
3647 1486 3847 1561 edidit
3907 1486 4168 1552 Pelleri-

2592 1596 2791 1662 tinius
2814 1595 2906 1682 ⁶),
2964 1605 3063 1661 est
3112 1597 3358 1682 signum
3411 1598 3700 1667 incusum
3745 1590 4026 1656 referens
4069 1590 4166 1654 in·

2595 1694 2831 1765 certum
2904 1696 3223 1785 quoddam
3302 1718 3531 1765 numen
3601 1694 3876 1763 Hermae
3943 1691 4161 1779 figura,

2594 1800 2864 1886 navique
2942 1800 3325 1889 impositum.
3442 1797 3641 1884 Atqui
3701 1795 3871 1863 hunc
3940 1802 4164 1880 typum

2595 1898 2810 1973 fui‘sse
2825 1900 3173 1988 proprium
3237 1898 3805 1982 Mytilenaeorum,
3889 1897 3954 1960 in
4041 1896 4167 1960 ho

2594 2027 2729 2071 rum
2794 2003 2998 2073 numis
3035 2002 3434 2071 -videbimns.
3544 1999 3740 2066 Aliud
3796 1995 4168 2084 ‚exemplum

2595 2106 2882 2174 dabimus
2923 2106 2992 2173 in
3033 2106 3238 2172 numis
3282 2104 3503 2186 Beryti
3546 2092 3945 2169 phoeniciae.

2766 2208 3058 2295 Exposui
3142 2208 3511 2275 sententiam
3577 2204 3898 2275 Pellerinii
3961 2206 4169 2289 cnjus·
4205 2226 4222 2245 ι

2599 2332 2845 2398 cunque
2909 2311 3138 2391 meriti,
3219 2309 3336 2377 sed
3401 2329 3602 2397 quam.
3651 2308 3707 2375 is
3776 2308 4167 2375 Graecorum

2597 2423 2836 2479 tantum
2923 2421 3214 2501 monetae
3297 2409 3819 2493 adcommodavit.
3929 2409 4167 2477 Verum

2598 2537 2758 2604 quae
2816 2516 2950 2601 ejus
3015 2514 3124 2582 de.
3158 2515 3393 2581 numia*
3420 2515 3849 2583 Romanorum
3911 2520 4164 2578 senten-

2594 2617 2723 2684 tia?
2809 2617 3013 2685 Causa
3067 2599 3232 2684 e'sse.
3262 2639 3395 2689 non
3438 2618 3645 2705 potuit
3687 2625 3903 2711 auctus
3947 2635 4162 2682 mone·

2593 2730 2697 2799 ¹tae
2746 2720 2956 2801 valor,
3017 2729 3122 2785 aut
3182 2722 3330 2808 quia
3381 2720 3452 2786 id
3502 2741 3700 2808 genus
3755 2716 3952 2785 numi'
3987 2717 4165 2801 fuere
4227 2726 4240 2735 '

2576 2844 2928 2938 ,operarum
2969 2823 3052 2888 'in
3115 2822 3441 2891 laboribus
3529 2822 3800 2911 publicis
3882 2821 4162 2888 testimo-

2594 2927 2731 3009 nia,
2819 2926 2995 3015 quod
3079 2936 3408 3013 utrumque
3489 2917 3660 3014 ipso'
3712 2924 3845 2994 fere
3909 2922 4167 2989 fastidit.

2600 3029 2891 3098 Omnium
2944 3049 3097 3095 vero
3149 3029 3398 3094 minime
3450 3023 3610 3094 haec
3665 3028 3842 3123 signa
3905 3023 4168 3114 perinis-

2600 3154 2736 3199 sum
2801 3132 2966 3199 intra
3022 3130 3285 3197 civitatis
3347 3130 3507 3197 fines
3584 3141 3876 3197 monetae
3934 3129 4172 3198 Romaz
4237 3111 4276 3204 ,⁵

2599 3256 2720 3302 nae
2776 3257 2959 3301 uanm
3022 3233 3300 3301 indicare
3360 3243 3684 3323 poterant,
3762 3232 3904 3322 quia
3963 3232 4170 3318 impe·

2595 3347 2871 3406 ranorum
2958 3345 3156 3403 aetate
3243 3357 3375 3402 non
3445 3340 3581 3453 jam
3665 3336 3778 3402 illa
3834 3334 4176 3452 peregrina

2597 3439 2713 3507 fuit
2763 3439 3007 3521 habita,
3072 3439 3188 3505 sed
3242 3439 3592 3506 communis
3653 3438 3845 3505 totius
3899 3438 4167 3525 imperii,

2600 3542 2997 3629 omniumque
3063 3542 3538 3627 provinciarum.
3633 3539 3982 3616 Molestam
4037 3549 4165 3606 ma·

2595 3646 2815 3712 teriam
2867 3654 2936 3710 ut
2984 3643 3225 3725 finiam,
3281 3648 3452 3730 ajo,
3493 3645 3652 3712 nihil
3700 3623 4004 3714 hactenus
4057 3666 4159 3710 so·

2596 3747 2713 3816 lidi
2785 3758 2849 3815 et
2928 3768 3055 3835 quo
3127 3746 3598 3816 difficultatibus
3677 3737 3967 3816 omnibus
4049 3747 4164 3813 ob-

2597 3837 2836 3932 vietur„
2883 3848 3190 3916 ’adlatum
3257 3871 3426 3933 esse,
3501 3847 3675 3937 quod
3741 3847 4024 3916 eruditus
4077 3848 4166 3915 le-

2597 3961 2738 4019 ctor
2753 3977 2771 3992 ·
2801 3952 2906 4019 vel
2974 3974 3054 4017 ex
3121 3951 3223 4019 his
3275 3953 3433 4041 ipsis
3495 3953 3648 4020 meis
3701 3951 4164 4020 commentariis

2594 4051 2781 4121 facile
2822 4055 3174 4143 perspim‘et.

2634 4487 2714 4561 ιιι)
2748 4496 2931 4566 Suppl.
2965 4493 3036 4552 11„
3061 4514 3175 4563 pag.
3213 4489 3296 4554 84.
