4500 5650
1599 494 2123 573 cAPv‘r
2226 498 2381 574 xv
2507 493 2540 555 ·-
2715 474 2784 603 J
3055 475 3210 615 ·'
3389 482 3692 595 rnn',

3031 392 3082 437 Ι,

562 659 744 738 Quae
816 656 1009 748 fuerit
1077 656 1280 726 stante
1356 656 1683 748 republica
1757 666 1967 729 aarum
2032 660 2318 748 potentia
2372 676 2505 729 non
2557 656 2754 730 modo
2822 683 2956 729 non
3021 664 3416 753 aequandae,
3487 650 3608 743 'sed

391 883 627 941 numos
669 861 1093 930 Familiarum
1126 883 1260 950 cap.
1303 862 1420 930 VI.
1509 864 1670 932 Inde
1713 866 1793 933 ab
1836 866 1964 933 Au-

370 744 710 841 'eonditim
801 759 1111 829 dicemus
1162 763 1250 829 in
1316 750 1795 849 Prolegomenls
1883 763 1966 830 ad
2032 765 2290 853 nomine
2344 786 2419 831 ac
2470 763 2705 834 viribus
2761 764 2958 833 multo
3016 768 3378 852 inferiores,
3459 790 3607 859 qua·

2031 887 2168 933 rum
2242 887 2399 955 opes
2461 868 2927 936 numismaticae
2967 871 3309 967 hodieque
3380 872 3605 940 redun-

391 976 574 1052 gnsto
654 974 977 1033 monetam
1065 966 1415 1033 Romanam
1500 967 1677 1035 fere
1723 977 1959 1035 tantum
2031 967 2213 1051 dant,
2272 972 2347 1035 ae
2388 980 2727 1058 propterea
2757 979 3278 1058 ὀοιιιοιιιιιιιιιιιιι,
3325 985 3395 1042 ιιι
3435 976 3604 1042 Tha·

386 1069 649 1135 Romae
672 1048 868 1135 fuisse
911 1070 1234 1155 signatam,
1279 1079 1514 1137 certum
1559 1078 1672 1137 est.
1761 1071 1954 1138 Solus

386 1170 652 1253 Strabo,
708 1171 791 1237 de
844 1191 961 1238 sua
1013 1181 1214 1241 aetate
1265 1172 1535 1260 loquens
1548 1221 1569 1256 ,
1625 1173 1739 1254 ait,
1793 1173 1958 1261 Lug·

386 1271 544 1341 duni
570 1278 585 1330 ⁴-
604 1274 1037 1345 Romanorum
1110 1274 1462 1367 praefectos
1530 1275 1760 1359 cudens
1824 1298 1954 1344 mo·

385 1380 621 1445 netan‘s
656 1386 940 1460 auream,
1008 1387 1074 1445 et
1128 1390 1479 1466 argenteam
1517 1382 1592 1459 ‘).
1716 1379 1953 1446 Emeri-

390 1489 495 1548 tae
545 1479 613 1547 in
656 1479 970 1568 Hispania
1018 1480 1171 1547 a·P.
1217 1483 1460 1551 Carisio
1504 1482 1715 1570 legato
1762 1503 1954 1549 cusos

382 1582 681 1653 denarios
745 1582 827 1649 ad
890 1582 1145 1671 po'ndus
1210 1590 1277 1654 'et
1337 1584 1594 1653 modum
1659 1590 1951 1654 monetae

380 1684 503 1765 R„
595 1685 851 1761 docent,
898 1685 1135 1765 residui
1206 1687 1279 1754 id
1339 1709 1536 1776 genus
1599 1689 1770 1755 numi
1844 1709 1950 1754 co-

382 1784 585 1873 piosi,
643 1803 804 1870 quos
857 1781 1325 1870 explicabimus*
1354 1788 1435 1848 ιιι
1452 1791 1761 1850 -ιιοιπιι-ἱὶο
1792 1810 1947 1871 gea-

382 1887 485 1955 tis'
518 1885 811 1953 can-isiae.
908 1882 1014 1951 Ab
1062 1884 1206 1961 aliis
1256 1885 1741 1974 imperatoribus
1795 1907 1950 1955 non·

380 1983 700 2078 nunquam
752 1987 904 2055 alibi
959 1987 1328 2077 constitutae
1374 1987 1687 2070 officinas,
1743 2010 1783 2054 a
1828 1988 1951 2055 Ve-

386 2093 685 2182 spasiano
736 2091 1117 2178 Antiochiae‘
1167 2092 1418 2175 Syriae,
1508 2113 1546 2157 a
1601 2090 1947 2161 Pescennio

384 2196 453 2263 in
513 2197 796 2278 Oriente,
867 2218 907 2260 a
975 2191 1206 2260 Clodio
1271 2192 1511 2260 Albino
1578 2194 1645 2259 in
1718 2194 1948 2281 Gallia,

380 2299 669 2368 nimirum
734 2297 882 2387 quia
932 2282 1263 2363 Romanae
1323 2297 1446 2364 sibi
1511 2297 1759 2369 clausae
1798 2298 1949 2367 ,fue-

380 2413 552 2485 runt,
629 2401 905 2469 diximus
958 2400 1162 2487 capite
1203 2398 1418 2483 xm,
1474 2409 1658 2493 atque
1710 2421 1793 2469 ex
1850 2422 1949 2467 ea·

322 2505 526 2603 ⁴'dem
581 2524 769 2571 eausa
827 2513 1135 2609 tyrannos
1188 2503 1256 2568 in
1313 2525 1427 2570 sua
1490 2522 1807 2607 quemque
1857 2503 1948 2571 di-

382 2608 585 2691 tione,
651 2626 837 2696 quam
904 2596 1292 2687 invaserant,
1359 2606 1639 2694 signasse
1700 2612 1947 2691 numos,

380 2718 619 2801 suapte
643 2718 1383 2797 patet..

556 2810 715 2894 Quis
768 2811 953 2882 fuerit
998 2809 1385 2878 officinarum
1426 2819 1625 2880 status
1667 2812 1822 2883 inde
1864 2813 1945 2881 ab

379 2905 758 2997 Aureliano,
858 2936 989 3003 quo
1073 2915 1447 3003 imperante,
1535 2924 1641 2982 aut
1723 2915 1946 2981 saltem

380 3040 523 3088 non
601 3017 797 3085 multo
858 3026 1007 3101 post
1080 3039 1194 3104 per
1268 3016 1624 3104 provincias
1702 3015 1947 3111 imperii

382 3118 758 3188 distributae
806 3115 1078 3202 filerunt,
1134 3118 1373 3188 dicetur
1424 3119 1492 3185 in
1547 3127 1810 3240 nactatu
1864 3118 1945 3186 de

374 3223 587 3291 numia
631 3218 942 3288 inferioris
984 3221 1140 3332 aevi.

920 3323 961 3363 a
1092 3366 1097 3372 ,
1365 3323 1402 3362 ιι

1159 3369 1197 3407 ξ

551 3424 783 3506 Quod
816 3424 901 3492 ad
962 3423 1208 3513 copiam
1276 3445 1605 3492 numerum
1668 3431 1947 3528 veterum

380 3530 648 3611 attinet,
699 3551 837 3594 eam
902 3548 1282 3615 magnopere
1342 3528 1647 3609 variasse,
1716 3536 1780 3593 et
1841 3548 1944 3593 va·

258 3647 265 3652 ·
380 3632 559 3700 riare'
586 3629 935 3720 debuisse,·
981 3639 1044 3696 et
1086 3632 1249 3708 ratio
1295 3619 1512 3713 docet,
1560 3639 1646 3697 *et
1687 3629 1807 3700 hac
1849 3628 1943 3696 lo-

388 3733 692 3821 cupletior
785 3733 1076 3819 magistra
1144 3733 1567 3820 ‘experientia-
1631 3781 1641 3790 .
1697 3732 1945 3820 Amplis

385 3835 693 3923 imperiis,
768 3838 1013 3924 regnis,
1075 3835 1428 3903 civitatibus
1493 3833 1691 3902 multa
1751 3834 1946 3901 fuisse

384 3957 551 4026 opus
599 3938 889 4026 pecunia,
935 3943 1171 4056 ‘suapte
1218 3947 1420 4026 patet,
1485 3959 1559 4003 ac
1610 3945 1946 4025 propterea

244 4115 251 4120 ,
376 4060 773 4138 nequaquam
869 4042 1089 4110 mirum
1110 4090 1131 4123 ,
1225 4039 1654 4107 Romanorum
1676 4087 1708 4126 ,
1801 4036 1944 4105 Phi·

374 4142 539 4232 lippi
579 4143 699 4238 113,
753 4141 988 4232 filiique
1029 4141 1378 4214 Alexandri
1419 4135 1549 4225 M,
1560 4140 1946 4207 Athenien·

377 4243 537 4314 sium
550 4292 572 4327 ,
645 4227 1196 4328 Syracusanorum
1281 4265 1505 4313 numos
1590 4242 1946 4312 incredibili

376 4347 567 4438 eopia
617 4347 897 4436 reperiri.
983 4350 1224 4415 Tamen
1278 4347 1452 4418 fuere
1508 4347 1793 4415 civitates
1844 4347 1944 4415 his

2028 1072 2315 1152 siorum,
2404 1071 3004 1155 Dyrrhaohenorum
3028 1102 3082 1157 ,¹
3133 1099 3211 1144 ac
3295 1078 3604 1145 variarum

2016 1174 2335 1241 Graeciae
2385 1173 2488 1241 M.
2545 1173 2810 1267 urbium.
2923 1178 3180 1245 Contra
3211 1179 3469 1252 aliamm
3525 1181 3600 1243 il-

2025 1275 2239 1345 lustris
2287 1273 2441 1344 olim
2484 1277 2684 1344 famae
2728 1279 3086 1354 civitatum,
3129 1299 3243 1344 ceu
3290 1279 3597 1361 Corinthi,

2010 1362 2265 1460 Elidis,
2323 1374 2596 1459 Olynthi
2644 1386 2761 1443 etc.
2826 1390 2933 1444 aut
2951 1374 3200 1448 nullos
3216 1428 3233 1463 ,
3290 1388 3398 1447 ant
3449 1402 3599 1468 pau-

2025 1479 2313 1548 cissimos
2357 1479 2658 1546 habemus
2700 1498 2946 1547 numos.

2198 1583 2559 1651 Generatim
2600 1582 2728 1649 hoe
2769 1581 2921 1649 loco
2965 1602 3295 1673 monemus
3337 1514 3616 1668 tantum,

2024 1688 2213 1765 (nam
2286 1683 2368 1752 de
2441 1685 2657 1772 eopia,
2746 1683 2850 1749 vel
2898 1685 3189 1752 ·raritate
3268 1708 3600 1756 numorum

2023 1784 2406 1868 singularum
2491 1787 2804 1859 civitatum
2887 1786 2956 1852 in
3041 1787 3264 1856 harum
3345 1801 3599 1883 moneta
3682 1860 3689 1867 ,

2022 1888 2278 1970 agetur)
2350 1904 2673 1977 numerum
2747 1895 3039 1953 monetae
3101 1893 3359 1973 veteris,
3435 1915 3597 1980 quae

2018 1985 2104 2052 ad
2156 1996 2387 2077 nostra⁸
2416 1996 2701 2074 tempora
2729 1984 3073 2075 pervenit,
3129 2013 3272 2056 esse
3328 1992 3595 2063 incredi·
3679 2046 3685 2053 .

1980 2084 1983 2085 ⁷
2020 2087 2208 2189 bilem
2219 2119 2247 2168 ,-
2317 2086 2646 2177 multoque
2694 2088 2810 2155 tibi
2860 2089 3106 2157 facilius
3162 2100 3408 2160 centum
3459 2116 3593 2165 mo·

2016 2203 2199 2261 netae
2284 2189 2559 2259 Thasiae
2574 2239 2593 2273 ,
2678 2191 2785 2258 vel
2867 2190 3360 2283 Dyrrhachenae
3378 2244 3397 2278 ,
3489 2198 3636 2265 vel.

2016 2291 2442 2363 Massiliensis
2513 2304 2738 2361 numos
2805 2306 3061 2383 praesto
3134 2295 3310 2381 fore,
3402 2320 3587 2388 quam

2017 2395 2129 2466 vel
2183 2418 2374 2466 unum
2441 2397 2815 2464 Car-olorum
2830 2446 2849 2479 ‚
2934 2397 3291 2483 Othonum,
3374 2395 3593 2469 Fride-

2018 2500 2323 2584 ricorum,
2400 2499 2864 2585 ‚Henricorum,
2957 2502 3367 2571 Germanicae
3453 2506 3591 2573 stir-

2016 2603 2117 2691 pis
2171 2604 2639 2693 imperatorum.
2750 2600 2980 2691 Neque
3033 2628 3183 2674 vero
3239 2609 3591 2695 superstitis

2017 2708 2260 2793 maiore
2344 2728 2604 2774 numero
2667 2714 2992 2791 „monetae”
3075 2709 3306 2776 veteris
3405 2732 3592 2779 causa
3677 2803 3682 2807 ἱ

2016 2810 2200 2877 unica
2256 2819 2384 2892 est,
2445 2807 2621 2896 quod
2671 2805 2791 2874 illo
2848 2830 3006 2876 aevo
3064 2807 3266 2897 major
3315 2811 3431 2880 fuit
3485 2835 3591 2901 pe-
3677 2833 3694 2842 ·

2017 2912 2235 2978 cuniae
2282 2927 2461 2990 usus,
2520 2931 2596 2975 ac
2636 2919 2978 2997 propterea
3020 2915 3342 3000 copiosius
3386 2914 3589 3002 signa·

2012 3011 2115 3095 ta,
2185 3011 2301 3079 sed
2365 3012 2547 3102 etiam
2617 3012 2792 3098 quod
2858 3022 3112 3079 moneta
3179 3018 3586 3101 Graecorum,

2013 3093 2572 3208 Romanorumque
2633 3114 2830 3203 magis
2891 3112 3006 3181 fuit
3069 3114 3312 3201 solida,
3388 3121 3585 3208 magis

1998 3211 2274 3301 crassa,
2347 3227 2412 3285 et
2477 3217 2689 3303 figuris
2754 3216 2939 3284 altius
3014 3220 3432 3305 exstantibus,
3521 3234 3588 3291 at

2013 3319 2205 3386 medii
2277 3320 2416 3388 aevi
2481 3328 2735 3386 moneta
2790 3318 3069 3405 gracilis,
3160 3318 3434 3407 subtilis,
3522 3329 3586 3393 et

2015 3414 2227 3512 aliquo
2316 3433 2603 3511 tempore
2689 3421 3003 3492 bracteata
3087 3430 3324 3492 tantum
3343 3475 3363 3509 ,
3455 3448 3582 3516 quo

1990 3524 2278 3608 iactum,
2335 3535 2405 3592 ιιι
2449 3526 2568 3592 illa
2628 3525 2695 3592 in
2750 3533 3033 3596 nostrum
3087 3547 3305 3596 aevum
3360 3526 3585 3598 durare

2002 3631 2320 3717 potuerit,
2364 3627 2523 3695 haec
2563 3650 2696 3695 non
2739 3628 2907 3695 item.
3537 3649 3550 3662 ²

2186 3726 2325 3798 Has
2375 3730 2605 3800 veteris
2665 3733 2802 3799 aevi
2852 3711 3164 3824 reliquias
3190 3732 3299 3800 uni
3341 3731 3582 3802 telluris
3665 3735 3674 3744 ’

2013 3831 2322 3899 beneficio
2368 3831 2669 3900 debemus
2723 3855 2832 3902 eas
2874 3833 3042 3900 ultro
3089 3832 3444 3915 offerentis,
3500 3838 3580 3904 si·
3625 3833 3654 3858 ‘³

2012 3957 2090 4002 ve
2156 3957 2298 4003 cum
2365 3944 2630 4052 aguntur
2693 3935 3129 4019 fundamenta,
3207 3938 3340 4006 sive
3407 3939 3581 4028 putei

2013 4033 2366 4121 fodiuntur,
2430 4038 2564 4105 sive
2626 4039 2981 4106 muniuntur
3039 4038 3213 4122 viae,
3282 4041 3415 4109 sive
3469 4065 3578 4114 vo·

2013 4161 2184 4208 mere
2237 4151 2420 4210 terra
2453 4140 2896 4228 proscinditur.
3023 4141 3398 4232 Plerumque
3448 4154 3577 4211 tum

2012 4241 2137 4317 rari
2152 4292 2171 4326 ,
2226 4242 2588 4331 sparsique,
2656 4264 2848 4332 saepe
2907 4244 3136 4332 singuli
3190 4247 3578 4334 reperiuntur

2014 4344 2200 4412 numi.
2315 4344 2679 4414 Lautiorem
2746 4368 2938 4436 saepe
3000 4367 3263 4415 messem
3333 4346 3579 4416 reclusa

511 4564 563 4650 ι)
599 4567 660 4622 L.
694 4563 779 4622 lv.
813 4546 867 4637 p,
902 4588 975 4624 m.
1010 4570 1124 4629 292.

443 4667 598 4738 (Vnt
633 4666 711 4737 1.)
756 4681 762 4687 ’

3068 4646 3071 4649 ’
3126 4662 3152 4730 l
