4500 5650
1344 516 1375 547 Χ

357 705 465 773 vel
507 713 746 772 tantum
792 702 888 769 sui
931 710 1128 789 parte.
1220 702 1296 768 In
1339 699 1497 783 aliis,
1547 702 1654 790 qui
1695 704 1817 768 toti
1845 725 1938 771 ar·

356 816 552 895 gento
596 816 765 874 sunt·
788 803 1076 895 obducti,
1130 819 1339 893 partes
1399 815 1543 871 sunt
1599 806 1935 888 inauratae,

336 934 477 979 ‚ceu
528 909 922 999 imperatoris
988 900 1261 988 laureas
1294 917 1356 975 et
1411 907 1934 1026 paludamentum,

364 1023 430 1079 ct
472 1012 871 1102 epigraphe.
860 1002 1257 1078 Monetaria
1300 1011 1457 1078 haec
1481 1011 1799 1077 insulsitas
1830 1012 1935 1077 vix

362 1126 503 1183 ante
589 1113 1019 1183 Alexandrum
1094 1116 1392 1182 Severum
1465 1115 1782 1203 coeperit,
1842 1123 1933 1179 et

358 1217 522 1297 ultra
607 1216 1069 1300 Diocletianum
1153 1217 1536 1304 porrigitur,
1649 1226 1715 1284 et
1813 1216 1931 1283 fre-

330 1320 762 1413 ‘quentissime
836 1310 1209 1387 deformavit
1281 1341 1506 1386 numos
1593 1320 1930 1408 inscriptos

356 1421 825 1498 AEQVITAS.
871 1416 1073 1488 AVG.
1128 1422 1232 1489 vel
1276 1423 1680 1491 MONETA.
1726 1422 1929 1490 AVG.

354 1535 515 1612 typo
571 1525 637 1589 in
700 1524 980 1611 utrisque
1045 1524 1228 1590 trium
1297 1525 1701 1593 Monetarum
1765 1535 1928 1592 stan·

354 1626 537 1709 tium,
608 1639 671 1693 et
726 1626 982 1692 maximi
1031 1626 1291 1695 moduli.
1377 1627 1626 1695 Numos
1694 1629 1928 1696 similes

353 1740 483 1797 tam
547 1722 931 1817 supervacuo
1006 1730 1174 1797 cultu
1244 1741 1501 1797 ornatos
1565 1753 1644 1798 an
1716 1733 1926 1799 verisi-

356 1831 507 1897 mile
561 1843 689 1916 est,
756 1834 874 1901 etsi
936 1836 1214 1901 Monetae
1267 1820 1500 1900 nomen
1563 1837 1927 1924 inscriptum

244 1934 251 1941 ’
340 1927 736 2023 praeferant,
814 1935 895 2003 ad
967 1946 1255 2003 monetae
1334 1939 1520 2007 etiam
1578 1961 1755 2020 usum
1821 1962 1924 2007 va-

352 2038 593 2106 luisse?
662 2039 839 2105 Est
821 2061 885 2104 ιιι
928 2062 1148 2107 museo
1195 2041 1504 2108 Caesareo
1549 2063 1770 2109 numus
1801 2064 1926 2108 ma-

354 2141 512 2204 ximi
578 2140 813 2204 moduli
868 2141 1285 2217 Numeriani
1294 2145 1403 2202 in
1467 2149 1649 2223 cujus
1708 2165 1931 2204 aversa

351 2250 489 2306 est:
573 2220 1110 2349 AnLocv‘no
1174 2236 1441 2307 Ave-G.
1513 2250 1673 2328 typo
1749 2240 1923 2306 2:110

350 2340 636 2437 cutionis.
727 2342 791 2407 Is
857 2339 1317 2429 deargentatus
1356 2351 1527 2409 totus
1596 2351 1731 2426 est,
1809 2342 1925 2409 sed

348 2445 743 2534 imperatoris
767 2492 786 2525 ,
899 2444 1005 2535 qui
1082 2444 1299 2511 habitu
1373 2444 1689 2512 consulari
1775 2467 1922 2547 pro·

347 2550 644 2637 ponitur,
756 2557 969 2635 togam
1065 2548 1295 2637 pictam
1389 2530 1641 2615 lamella
1737 2570 1926 2617 aurea

349 2654 603 2749 obtegit.

517 2755 619 2820 De
663 2751 867 2820 numis
913 2752 1122 2817 aeneis
1165 2754 1246 2820 ΙΙ.
1291 2762 1353 2819 et
1395 2754 1508 2820 111.
1552 2754 1793 2844 formae
1834 2762 1937 2821 te·-

257 2872 261 2875 ’
345 2851 457 2927 nui
496 2854 707 2934 stanni
749 2850 911 2916 folio
958 2850 1195 2936 opertis
1251 2857 1314 2914 et
1370 2849 1461 2915 sic
1523 2852 1688 2917 cusis
1712 2899 1729 2928 ,
1806 2851 1922 2918 sed

300 3019 309 3026 .
347 2961 459 3047 qui
496 2955 651 3025 inde
694 2976 732 3020 a
775 2947 1041 3019 Claudio
1089 2950 1366 3018 Gothico
1409 2975 1608 3041 usque
1652 2953 1734 3019 ad
1762 2953 1919 3021 Dio-

351 3060 692 3127 cletianum
752 3076 900 3123 vera
947 3066 1203 3123 moneta
1258 3054 1464 3139 fuere,
1531 3056 1766 3144 egimus
1822 3079 1919 3124 ca·

344 3162 487 3252 pite
530 3159 670 3227 VII.

515 3338 549 3415 fi
596 3339 700 3404 14.
805 3327 1014 3400 verm
1064 3323 1383 3400 numm-mei-
1413 3354 1741 3400 aeneorum,
1784 3391 1790 3395 .

512 3469 804 3557 Vei-uicis
832 3467 1139 3549 'nomem'
1166 3470 1285 3535 etsi
1328 3468 1566 3556 Latinis
1611 3469 1914 3555 ignotum,

343 3574 491 3663 quia
538 3583 749 3639 tamen
818 3561 897 3637 ab
960 3573 1109 3639 artis
1159 3581 1411 3638 nostrae
1464 3572 1769 3659 magistris
1818 3573 1913 3640 in·

347 3686 477 3742 star
517 3699 805 3761 τεχνικου
847 3684 1167 3762 receptum
1210 3683 1336 3756 est,
1413 3683 1476 3740 et
1524 3667 1912 3742 noaretine-

346 3799 506 3842 mus.
584 3779 877 3844 Tractum
921 3786 1018 3843 est
1057 3800 1096 3842 a
1125 3776 1464 3847 Gallorum
1508 3785 1724 3860 vernis,
1761 3779 1916 3869 Gerf

344 3875 549 3948 manis
569 3885 821 3968 firuiss,
888 3880 1065 3946 Italis
1118 3887 1362 3974 patino,
1432 3899 1639 3970 eoque
1688 3879 1914 3952 intelli-

254 4047 279 4051 ι,
334 3983 551 4070 gimus
631 3982 1056 4049 indumentum
1142 3982 1482 4071 splendens
1516 4034 1534 4067 ,
1634 3984 1914 4072 variique

330 4087 405 4151 in
490 4083 677 4152 variis
780 4085 1048 4167 coloris,
1123 4108 1275 4180 ‚quo
1372 4098 1594 4156 natura
1685 4107 1912 4154 numos

306 4206 594 4273 “aeneos,
650 4190 865 4276 (aurei
947 4190 1345 4276 argenteique
1433 4212 1547 4264 sua
1634 4185 1913 4260 contenti

324 4292 675 4363 nobilitate
714 4290 876 4374 illud
933 4290 1374 4382 aspernantur)
1448 4292 1644 4381 longo
1700 4317 1909 4363 saecu-

1639 490 1694 611 (i
1732 539 1790 612 A
1830 534 1887 612 Ρ
1914 530 1999 612 ‘V
2030 542 2094 610 Τ
2164 543 2313 611 ΧΠ.
2853 601 2859 607 .
3423 566 3588 615 Lxrx
3695 568 3703 580 ·

2008 701 2215 769 lorum
2261 701 2378 768 sub
2423 711 2587 769 terra
2609 705 2751 770 situ
2798 704 3060 790 operuit.
3152 704 3352 771 Color
3393 715 3490 773 est
3518 700 3585 772 ixi

2008 804 2145 870 aliis
2191 804 2438 888 viridis,
2511 806 2577 871 in
2647 806 2783 873 aliis
2856 805 3207 890 caeruleus,
3280 796 3583 875 autssvio-

2005 905 2254 990 laceus,
2343 910 2410 972 in
2477 908 2613 974 aliis
2677 909 2885 976 fuscus
2910 960 2928 991 ,
3012 918 3081 975 ut
3133 912 3419 978 nimirum
3477 935 3583 978 aes

1994 1028 2124 1097 pro
2184 1010 2354 1077 varia
2408 1010 2536 1075 soli
2583 1021 2808 1077 natura
2867 1008 3122 1077 adflavit
3188 1013 3419 1080 halitus
3476 1025 3582 1080 aut

2003 1113 2261 1182 ambivit
2329 1112 2559 1178 humor
2633 1111 2955 1200 particulis
3037 1114 3361 1199 metallicis
3443 1139 3580 1203 gra·
3635 1122 3690 1209 'b
3765 1110 3769 1126 ²

1977 1214 2200 1283 Nidus,
2295 1214 2745 1309 ‚Indumentum
2816 1213 2992 1305 ‚istud
3069 1225 3302 1283 tantum
3380 1219 3577 1295 abest,

1999 1326 2070 1383 ut
2135 1318 2402 1382 nitorem
2469 1338 2695 1399 numo,
2772 1326 2835 1384 et
2912 1316 3341 1407 qualecunque
3409 1321 3577 1387 aliud

1999 1420 2282 1493 meritum
2374 1417 2660 1487 detrahat
2681 1469 2700 1503 ,
2808 1427 2878 1485 ut
2976 1421 3159 1485 etiam
3247 1418 3579 1510 plurimum

1999 1531 2235 1608 augeat.
2343 1522 2592 1591 Etenim
2666 1516 3006 1588 adventitia
3079 1522 3236 1589 haec
3326 1526 3579 1593 materia

1996 1633 2121 1691 tam
2191 1633 2336 1712 apte
2401 1648 2540 1721 sese
2607 1625 2778 1689 numi
2847 1624 3194 1711 superficiei
3255 1627 3578 1713 adplicuit,

1996 1737 2065 1793 ut
2109 1728 2517 1794 minutissima
2562 1748 2876 1818 quaeque,
2953 1749 3112 1816 quae
3177 1731 3401 1797 matrix
3467 1731 3577 1797 im·

1994 1830 2267 1917 pressit,
2360 1853 2474 1896 ceu
2563 1830 2931 1918 capillorum
3019 1830 3167 1905 fila,
3255 1830 3571 1898 literarum

1995 1934 2205 2020 apices
2267 1932 2616 1998 tenuissimi
2682 1942 2802 1998 tam
2869 1933 3289 2001 transluceant
3356 1935 3574 2018 nitide,

1996 2054 2181 2124 quam
2234 2035 2289 2100 si
2351 2036 2537 2122 plane
2600 2034 2866 2103 abesset.
2953 2034 3253 2101 Meritum
3297 2057 3448 2103 vero
3492 2057 3576 2103 ex

1993 2139 2121 2207 1100
2165 2159 2314 2205 casu
2365 2138 2569 2202 numis
2612 2137 2832 2220 ingens
2895 2137 3166 2218 accedit,
3227 2161 3392 2218 non·
3430 2161 3594 2217 mos

1995 2235 2082 2301 do
2107 2284 2125 2317 ,
2217 2239 2364 2324 quia
2391 2269 2401 2279 ·
2425 2237 2807 2321 integerrimi
2870 2238 3061 2327 vulgo
3129 2261 3272 2306 esse
3340 2242 3571 2322 solent,

1991 2339 2280 2404 nimirum
2341 2337 2675 2404 involucro
2739 2338 2867 2403 hoc
2934 2340 3288 2428 aeruginem
3358 2343 3571 2410 metal-

1991 2440 2059 2507 lo
2119 2440 2266 2506 huic
2322 2441 2678 2528 cumprimis
2736 2443 3191 2529 perniciosam,
3258 2455 3322 2511 et
3387 2468 3573 2525 omne

1992 2542 2162 2611 aliud
2226 2543 2540 2613 inimicum
2610 2543 2826 2611 vitium
2896 2558 3175 2627 arcente,
3266 2545 3571 2615 liberalis·

1994 2669 2115 2735 que
2158 2668 2302 2713 esse
2342 2657 2614 2736 propter·
2655 2646 2891 2725 coloris
2933 2648 3263 2715 illecebras
3307 2636 3569 2733 formae,

1991 2749 2107 2818 sed
2192 2750 2376 2817 etiam
2464 2751 2611 2839 quia
2694 2751 3100 2817 certissimum
3186 2752 3315 2818 hoc
3378 2764 3568 2841 pacto

1990 2847 2297 2938 praebent
2393 2851 2700 2932 genuinae
2810 2853 3189 2940 antiquitatis
3290 2857 3568 2924 testimo-

1988 2951 2176 3018 nium.
2285 2950 2533 3016 Etenim
2603 2972 2743 3016 cum
2820 2954 2983 3019 alios
3054 2975 3273 3023 omnes
3351 2979 3565 3025 mone·

1988 3062 2089 3120 tae
2129 3052 2370 3138 veteris
2415 3051 2651 3138 modos
2707 3053 2877 3120 fraus
2931 3077 3152 3123 recens
3205 3058 3362 3125 scite
3415 3062 3566 3130 satis

1986 3156 2276 3225 didicerit
2359 3155 2626 3238 imitari,
2735 3158 2803 3221 in
2890 3158 3193 3245 imitanda
3285 3161 3561 3246 vei-nice,

1988 3281 2173 3348 quam
2234 3268 2456 3325 natura
2521 3257 2796 3343 addidit,
2887 3261 3187 3328 hactenus
3251 3264 3564 3331 incassum

1986 3364 2153 3429 vires
2198 3384 2343 3432 suas
2388 3370 2484 3429 est
2528 3372 2806 3450 experta.
2897 3366 3056 3432 Tam
3101 3366 3266 3430 enim
3305 3366 3422 3432 illa
3461 3367 3560 3434 fir·

1985 3465 2166 3558 miter
2229 3486 2338 3531 aes
2392 3465 2810 3552 amplectitur,
2874 3477 2944 3533 ut
2997 3467 3183 3540 avelli
3239 3469 3390 3534 inde
3411 3463 3420 3468 ’
3441 3471 3563 3536 nisi

1983 3590 2097 3657 per
2138 3568 2264 3635 vim
2309 3559 2440 3633 non
2483 3570 2703 3656 possit.
2791 3570 2879 3634 At
2922 3592 3107 3658 quam
3150 3570 3385 3637 falsarii
3436 3591 3562 3661 ope
3676 3645 3682 3652 ,

1982 3671 2131 3738 salis
2178 3672 2579 3738 ammoniaci
2631 3681 2718 3737 et·
2758 3673 2923 3742 aceti
2962 3672 3304 3756 induxere,
3372 3699 3562 3764 saepe

1984 3774 2086 3841 vel
2130 3794 2338 3860 ungue
2381 3784 2615 3841 tentata
2655 3775 2805 3841 loco
2850 3784 3062 3863 potest
3108 3779 3366 3845 moveri.
3446 3780 3557 3845 Di-

1981 3880 2049 3945 xi
2073 3926 2091 3960 ,
2203 3899 2418 3948 aurum
2505 3886 2951 3966 argentumque
3039 3890 3308 3948 veterem
3393 3881 3560 3948 hanc

1979 3971 2293 4048 vernicem
2382 3978 2743 4068 detrectare.
2874 3981 2963 4048 At
3050 4005 3209 4069 quae
3293 3996 3553 4072 argento

1981 4085 2337 4174 frequenter
2406 4061 2701 4149 adhaeret
2762 4083 3021 4176 materia
3075 4103 3287 4154 crassa
3343 4097 3407 4153 et
3467 4088 3556 4154 vi·

1977 4188 2165 4269 ridiS,
2256 4209 2336 4253 ex
2389 4187 2697 4274 aeruginis
2762 4207 2991 4273 genere
3056 4200 3185 4272 est,
3259 4200 3321 4258 et
3374 4199 3562 4256 aceto

1980 4301 2083 4359 aut
2126 4312 2318 4358 succo
2361 4290 2507 4357 mali
2552 4289 2729 4358 citrei
2771 4287 3146 4358 amolienda.

4376 488 4386 499 o

4483 870 4489 1023 „Q
4475 582 4489 835 „sssssjoeffl-A*
4483 504 4488 553 μ
4477 382 4489 481 ,Q-
4477 240 4489 329 *An
4473 23 4489 177 Q„„-4
