4500 5650
15 4308 26 4324 ⁵„
15 4270 16 4273 „
13 3722 35 4109 ,-„—.'-.—..„.-„-,
15 3648 18 3665 ..

86 4211 113 4222 ἱ

174 3891 191 3900 ι

1714 422 2222 501 CAPv'r
2325 397 2608 500 xxl.'
3099 490 3336 531 ,.‚
3471 446 3704 551 cam

488 796 600 863 M.
661 796 925 879 Graecia
995 796 1337 877 invectum,
1422 795 1919 882 adoptatumque
1989 791 2071 859 ab

493 898 814 978 Etruscis,
860 907 938 964 et
979 897 1059 964 ab
1105 897 1203 963 his
1249 895 1480 965 diutius
1523 886 1862 978 retensum,
1933 916 2073 960 cum

496 999 745 1069 interim
808 999 1070 1068 Graeci'
1091 1001 1289 1086 magis
1336 1010 1601 1080 ‚naturae
1656 996 1926 1084 obsequi
1980 994 2073 1061 di-

494 1111 763 1177 scerent.
829 1097 1106 1193 '‘Tamen
1148 1101 1217 1169 in
1258 1101 1386 1169 hoc
1426 1101 1611 1182 stile,
1671 1100 1790 1167 etsi
1833 1098 2073 1185 absque

480 1227 690 1273 causa
743 1213 1003 1270 naturae
1058 1205 1185 1271 vim
1242 1202 1500 1286 inferat,
1580 1201 1879 1270 adversus
1931 1220 2071 1286 par·

416 1338 425 1343 ·
489 1309 653 1376 tium
700 1284 872 1373 iuter
926 1327 996 1375 se
1048 1307 1529 1395 proportionem
1585 1324 1717 1375 non
1758 1311 2070 1392 peccatur,

434 1460 445 1469 x
494 1408 1026 1500 quemadmodum
1110 1409 1360 1498 peccari
1443 1407 1710 1476 vidimus
1805 1404 2081 1472 articulo

490 1512 918 1601 praecedente
989 1512 1056 1577 in
1130 1512 1334 1591 numis
1401 1511 1683 1597 picturae
1748 1506 2068 1575 barbarae.

496 1615 665 1681 Hac
711 1617 875 1681 enim
942 1623 1222 1700 spectata
1275 1612 1437 1680 nihil
1501 1613 1658 1681 vitio
1713 1609 1893 1676 dabis
1937 1608 2072 1674 sive

494 1715 762 1783 laudato
824 1714 1109 1802 Apollini
1183 1715 1563 1796 Tarentino,
1650 1715 1785 1780 sive
1816 1792 1819 1799 ι
1854 1710 2070 1778 Mino-

408 1813 435 1847 ’”
494 1818 684 1886 tauro
773 1817 1086 1900 Cnossio,
1196 1816 1444 1899 aliisve,
1543 1836 1809 1905 querum
1894 1811 2074 1880 attuli

488 1919 804 2011 exempla.

672 2023 1020 2110 Vtrumque
1102 2020 1319 2087 vitium
1414 2017 1717 2086 hactenus
1802 2034 2071 2083 comme·

500 2132 807 2192 moratum
889 2123 1167 2191 vitavere
1249 2119 1422 2190 numi
1505 2120 1748 2207 plures,
1835 2117 2072 2206 praeci-

498 2248 625 2316 pue
692 2224 792 2291 M.
864 2224 1200 2305 Graeciae,
1289 2240 1555 2310 quorum
1628 2222 1871 2309 pictura
1937 2240 2098 2285 non·

496 2327 693 2396 modo
736 2317 899 2394 nihil
944 2322 1133 2391 offert
1176 2331 1281 2389 aut
1325 2323 1606 2405 barbari,
1679 2331 1785 2389 aut
1828 2321 2068 2388 violen-

494 2432 578 2513 ti,
644 2428 761 2496 sed
815 2428 1029 2516 potius
1077 2435 1338 2492 naturae
1379 2424 1623 2511 legibus
1667 2423 1933 2490 fideliter
1976 2424 2067 2489 in·

492 2535 739 2613 haeret,
828 2532 897 2617 in
965 2551 1121 2617 qua,
1211 2527 1267 2592 si
1320 2527 1591 2613 rigorem
1658 2537 1727 2594 et
1779 2549 2067 2614 asperum

490 2632 914 2704 membrorum
981 2639 1221 2699 textum
1293 2614 1539 2711 demas,
1624 2627 1785 2695 nihil
1856 2627 2065 2715 culpa-

485 2726 677 2808 veris.
765 2736 983 2822 Hujus·
1002 2731 1134 2799 stili
1163 2741 1309 2799 sunt
1329 2730 1662 2820 Neptunus
1692 2730 2063 2819 Posidonia·-

486 2851 729 2922 tarum,
803 2831 1091 2926 luppiter
1152 2834 1518 2915 fulminans,
1608 2843 1716 2917 aut
1781 2833 2061 2920 quisquis

484 2946 557 3010 is
600 2952 751 3021 est„
802 2937 1333 3019 Cauloniam-um,
1391 2939 1512 3003 bos
1556 2936 1897 3024 respiciens
1938 2935 2062 3015 Sy-

492 3039 874 3121 baritarum,
933 3039 1212 3127 Juppiter
1255 3038 1516 3121 sedens,
1587 3048 1651 3105 et
1707 3046 1891 3125 caput
1930 3036 2063 3102 leo-

400 3152 419 3161 '
484 3148 598 3216 nis
640 3143 1099 3230 Rheginorum,
1151 3150 1220 3207 ut
1262 3141 1540 3229 copiosis
1565 3140 1719 3220 ,aliis
1758 3139 2064 3228 exemplis

436 3317 445 3322 -
492 3247 866 3318 abstineam.
973 3243 1179 3331 Atqui
1229 3253 1292 3311 et
1335 3243 1458 3311 hos
1501 3245 1668 3313 intra
1705 3243 1883 3308 hanc·
1912 3263 2065 3329 epo·

491 3351 676 3418 cham
748 3343 1293 3427 concludendus
1346 3356 1453 3413 aut
1539 3345 1758 3413 saltem
1836 3344 2064 3411 horum

490 3452 707 3542 plures
724 3499 749 3533 ,
818 3470 903 3517 ex
944 3469 1029 3515 eo
1069 3447 1461 3516 manifestum
1504 3457 1633 3528 est,
1705 3448 1850 3535 quia
1890 3448 2063 3538 fuere

484 3553 721 3635 “ui-bes,
765 3569 929 3639 qnae
961 3560 1115 3640 post
1154 3539 1447 3617 ‘statutum
1492 3570 1529 3614 a
1570 3571 1672 3616 me
1698 3550 1884 3633 hujus
1913 3567 2064 3637 epo·

500 3653 685 3738 chae,
726 3654 965 3741 exitum
1029 3673 1256 3720 numos
1320 3649 1585 3739 amplius
1669 3649 1857 3720 ferire
1930 3669 2063 3717 non

498 3755 899 3845 potuerunt-‘f
967 3754 1122 3823 Exit
1163 3755 1348 3837 haec,
1413 3765 1503 3821 ut*
1525 3752 1836 3836 dixeram,
1898 3755 2064 3820 cirea

496 3875 730 3925 annum
793 3857 876 3924 V.
934 3856 1006 3928 C.
1053 3862 1234 3939 291„
1297 3865 1363 3922 at
1400 3856 1664 3938 Sybaris
1706 3860 1842 3942 jam
1893 3879 2059 3923 anno

388 4034 403 4042 ,
486 3961 581 4029 V.
614 3960 686 4028 G.
711 3964 861 4031 243,
905 3979 1125 4026 eversa
1167 3980 1207 4025 a
1239 3957 1622 4051 Crotoniatis
1664 3958 1801 4026 fuit.
1886 3960 2059 4046 Ergo

484 4063 680 4151 hujus
733 4062 909 4129 urbis
960 4061 1132 4128 numi
1187 4081 1438 4142 omnes,
1503 4060 1728 4130 saltem
1775 4062 1882 4149 qui
1934 4069 2106 4128 mae*

481 4165 721 4235 nifeste
782 4172 1203 4251 pervetustum
1292 4183 1454 4251 opus
1518 4162 1819 4248 offerunt,
1892 4165 2065 4232 ·huic

474 590 761 685 visum&
808 590 979 656 hunc
1038 589 1319 678 picturae
1373 586 1631 656 modum
1684 608 2083 678 nequaquam.
2142 597 2205 654 et
2243 589 2429 676 hujus
2473 588 2755 677 epochae
2795 586 2958 655 sunt?
2981 587 3153 654 numi
3191 572 3413 655 omnes
3439 587 3706 655 Zancles

478 696 565 763 in
608 695 877 760 Etrusco
923 692 1076 760 solo*
1114 688 1517 783 prognatum,
1588 689 1704 758 sed
1743 714 1824 759 ex
1868 691 2075 757 vicina
2107 784 2111 789 .
2139 693 2395 757 nomine
2446 692 2747 780 inscripti.
2865 689 3156 780 Plerique
3228 692 3411 757 etiam
3464 690 3707 757 Naxio·

2136 814 2275 861 rum
2331 795 2583 861 Siciliae
2634 794 2806 860 numi
2869 792 3036 859 haud
3099 792 3288 860 dubie
3341 794 3466 859 huc
3519 792 3707 880 perti·

2138 906 2319 979 nent,
2378 897 2523 989 quia
2577 912 2794 964 eornm
2850 897 3000 962 urbs
3046 895 3129 963 V.
3163 897 3233 962 C.
3279 900 3426 965 351.
3474 917 3511 959 a
3551 895 3706 959 Dio·

2137 1001 2331 1082 nysio
2375 1000 2583 1081 deleta
2623 999 2754 1066 fuit.
2840 999 2945 1064 Ex
2971 997 3190 1063 harum
3227 998 3416 1083 igitur
3457 997 3709 1062 urbium

2137 1103 2341 1169 numis
2383 1101 2725 1171 certissime
2765 1121 3100 1188 possumus
3162 1100 3244 1165 de
3286 1108 3449 1166 statu
3490 1119 3705 1165 mone-

2139 1214 2271 1287 tae,
2361 1204 2561 1315 qualis
2625 1225 2738 1292 per
2810 1201 3118 1290 epocham
3178 1202 3256 1267 1.·
3289 1197 3438 1283 fuit,
3540 1199 3705 1266 arbi-
3821 1264 3824 1267 .
3915 1224 3922 1229 ¹

2137 1318 2306 1376 tran.
2581 1361 2588 1367 .

2310 1411 2500 1477 Esset
2551 1407 2656 1474 hic
2708 1408 2888 1474 locus
2947 1402 3478 1473 commemorandi
3537 1423 3703 1468 com·

2137 1513 2351 1602 plures
2423 1510 2579 1578 alias
2653 1510 3062 1576 vetustissimi
3125 1509 3505 1575 Graecorum
3579 1501 3709 1575 stili

2136 1632 2386 1696 causas,
2461 1634 2721 1703 quarum
2786 1634 2911 1700 ope
2969 1632 3103 1677 non
3169 1631 3317 1677 raro
3373 1627 3703 1696 possemus

2138 1718 2220 1783 de
2281 1716 2471 1803 hujus
2527 1714 2811 1802 epochae
2868 1715 3070 1780 numis
3131 1711 3546 1793 confidentius
3609 1730 3704 1774 ar-

2137 1820 2383 1900 bitrari,
2466 1817 2582 1883 sed
2649 1838 2803 1904 quas
2846 1816 3050 1882 'lubet
3124 1814 3491 1902 praeterire,
3569 1811 3704 1891 sive
3791 1821 3799 1829 '

2139 1920 2314 2009 quod
2375 1940 2482 1989 eas
2539 1918 2643 1984 alii
2707 1939 2789 1983 ex
2840 1928 3118 1984 veterum
3183 1917 3389 1983 omnis
3453 1911 3702 2000 generis

2134 2021 2550 2089 monumentis
2594 2019 2845 2087 abunde
2885 2038 3307 2108 proposuere,
3351 2017 3486 2083 sive
3529 2011 3704 2102 quod

2137 2125 2455 2210 ambigua,
2523 2131 2586 2189 et
2657 2124 2913 2189 nimium
2978 2118 3169 2212 saepe
3235 2120 3485 2188 fallacia
3545 2117 3704 2182 haec

2137 2229 2288 2293 artis
2359 2234 2692 2312 praecepta
2745 2214 3104 2307 existimo,
3138 2225 3272 2291 sive
3339 2221 3516 2311 quod
3570 2240 3703 2285 non

2133 2329 2402 2410 issum,
2467 2327 2578 2414 qui
2623 2328 2878 2409 ausim,·
2914 2347 3095 2393 veras
3142 2325 3594 2391 vetustissimae
3633 2322 3705 2387 in
3805 2388 3813 2396 ,

2134 2431 2338 2497 numis
2410 2431 2691 2517 picturae
2750 2439 2968 2509 notaS,
3059 2436 3126 2493 ut
3177 2448 3284 2495 eas
3347 2448 3431 2493 ex
3502 2426 3702 2511 longo

2125 2532 2388 2598 'illorum
2447 2553 2564 2597 usu
2635 2531 2805 2620 apud
2871 2531 3139 2613 animum
3205 2550 3409 2594 meum
3470 2528 3700 2607 sentio,

2118 2634 2426 2698 oratione
2495 2653 2750 2721 quoque
2820 2631 3163 2717 secundum
3227 2632 3380 2696 artis
3451 2630 3701 2715 regulas
3769 2693 3776 2699 .

2130 2734 2466 2821 explicare.
2593 2726 2810 2799 Facile
2874 2733 2959 2816 is,
3031 2733 3136 2821 qui
3200 2726 3703 2819 contemplandis

2128 2837 2333 2903 numia
2416 2835 2731 2903 veteribus
2818 2836 3076 2903 multam
3157 2835 3465 2925 impendit
3550 2855 3700 2921 ope-

2128 2961 2295 3020 ram,
2331 2957 2444 3004 aeex
2506 2936 2930 3025 descriptione
2988 2938 3256 3024 primum
3309 2940 3503 3003 totius
3560 2958 3714 3002 eor-1

2130 3043 2307 3130 poris
2319 3090 2340 3121 ,
2409 3038 2639 3106 deinde
2692 3040 2988 3127 partium,
3055 3061 3128 3104 ac
3179 3040 3512 3127 praecipue
3563 3039 3698 3107 vul-

2130 3152 2232 3209 tus
2290 3143 2681 3210 lineamentis
2735 3142 2970 3230 poterit
3033 3142 3113 3208 de
3163 3161 3379 3207 eorum
3434 3142 3697 3230 antiqui-

2099 3255 2261 3311 ,tate
2279 3293 2298 3326 ,
2364 3266 2438 3310 ac
2492 3246 2592 3314 cui
2646 3243 3091 3331 sineepochae
3125 3244 3476 3327 inserendi,
3551 3264 3698 3332 pro·

2132 3348 2346 3415 babile
2377 3344 2684 3431 judicium
2727 3345 2908 3432 ferre.
3205 3393 3214 3398 -

2222 3525 2233 3532 κ
2305 3448 2575 3537 Aliquos
2641 3459 2848 3515 tamen
2922 3446 3129 3532 adhue
3202 3447 3433 3515 modos
3510 3448 3697 3536 hujus

2130 3550 2415 3638 epochae
2515 3550 2890 3619 artificibus
2941 3548 3275 3618 familiares
3361 3552 3695 3639 proferam.

2132 3654 2459 3735 Obscum,
2551 3654 2818 3741 capillos
2880 3654 3187 3740 coaptatis
3248 3652 3557 3741 globulis,
3633 3662 3698 3721 et
3761 3641 3768 3652 ¹

2130 3755 2225 3822 sic
2266 3769 2392 3843 per
2425 3754 2738 3838 filamenta'
2781 3756 2860 3821 in'
2889 3755 3193 3821 cervicem
3239 3755 3458 3824 defluis
3501 3756 3695 3844 fuisse

2128 3858 2451 3925 formatos.

2127 3981 2318 4026 unum
2371 3961 2907 4044 Syracusanorum
2958 3957 3150 4025 habet
3204 3979 3484 4026 museum
3535 3961 3693 4026 Cae-

2128 4083 2401 4145 sareum,
2473 4064 2676 4152 capite
2728 4061 3018 4152 muliebri
3067 4062 3151 4128 ad
3205 4062 3379 4129 hunc
3434 4062 3691 4130 modum

2128 4166 2385 4249 crinit0,
2451 4174 2516 4233 et
2567 4164 2768 4232 videri
2820 4169 3104 4252 possunt‘
3131 4161 3388 4232 similes·
3410 4163 3689 4251 complu·

483 4277 644 4336 sunt
693 4266 974 4355 epochae
1028 4265 1407 4334 vindicandi.
1526 4265 1759 4334 Zancle
1803 4268 2057 4336 Siciliae
2120 4290 2223 4336 res
2320 4269 2481 4335 inter
2563 4268 2996 4349 Syracusanos
3080 4267 3381 4355 principis
3470 4267 3691 4334 Tun-is

360 4455 373 4466 .
481 4371 754 4439 subacta
793 4376 839 4440 a
874 4369 1213 4437 Messeniis
1257 4369 1423 4436 circa
1453 4390 1680 4436 annum
1708 4370 1785 4435 V.
1819 4370 2054 4443 02273.

484 4472 798 4547 Messana
868 4470 1138 4541 subinde
1213 4472 1424 4563 coepit
1496 4471 1836 4562 appellari,
1902 4495 2081 4560 argos

2123 4370 2394 4437 Muciae.

2122 4474 2231 4562 qui
2297 4470 2531 4538 collum
2603 4472 2787 4539 bovis
2853 4493 2993 4540 cum
3039 4471 3233 4538 ‘facie‘
3289 4468 3562 4538 humana
3620 4472 3689 4539 in

2585 3858 2791 3945 Hujus
2862 3861 3109 3943 generis
3172 3858 3695 3943 elegantissimum
3802 3893 3811 3900 ·

2521 4369 2769 4454 Eodem
2855 4370 3052 4437 modo
3125 4360 3473 4435 formantur
3511 4353 3688 4457 ‘pilu
3799 4375 3812 4381 ”
