4500 5650
1582 444 2035 557 ςΛΡν-ι-
2134 396 2364 519 xv11
2935 467 2939 470 ⁴
3097 390 3100 395 ⁵
3318 446 3657 531 mm‘

360 605 517 694 puli.
606 604 797 673 Adde
841 606 916 671 K
921 611 990 671 T
1050 608 1279 690 Cymes
1331 606 1655 691 Aeolidis,
1718 607 1931 691 Cydo-
2001 604 2442 697 loquacitatem
2514 608 2805 679 hortante
2891 613 3025 679 sive
3111 615 3412 697 vanitate,
3491 616 3565 693 et
3655 678 3664 685 .

238 748 293 781 κ,
361 709 543 789 niae,
600 708 912 791 Cyrenes,
974 708 1199 797 Cypri,
1245 711 1404 776 AA.
1447 710 1770 778 Laconum
1813 721 1933 781 etc,
2000 708 2369 795 ambitione,
2445 714 2577 779 sive
2619 708 3007 783 adulatione.
3089 700 3253 783 Cum
3305 738 3565 805 regnum

361 809 738 877 Pellerinius
803 809 1121 900 prolixum
1173 811 1399 879 nobis
1394 813 1770 902 catalogum
1824 812 1931 879 de-
2000 813 2226 896 Syriae
2266 815 2520 882 valeret
2547 818 2804 907 opibus,
2864 817 3015 884 satis
3075 817 3157 884 ad
3199 818 3566 906 dignitatem

365 900 471 979 (111.
518 912 810 995 urbium,
899 913 1439 1005 populorumque,
1504 918 1629 1006 qui
1699 937 1932 987 nomen
1999 916 2197 983 visum
2240 927 2338 983 est
2381 916 2656 1001 scribere
2695 900 3046 985 modestum
3089 918 3244 986 illud
3291 922 3568 1007 ΒΑΣΙ
3567 982 3572 985 .

308 1061 321 1071 -
362 1036 541 1081 suum
564 963 1013 1097 ιιιιιι,1111113,·
1051 1018 1251 1084 tribus
1306 1018 1502 1085 literis
1555 1020 1624 1085 in
1677 1028 1931 1085 moneta
1996 1017 2290 1085 ΛΕΩΣ.
2319 1018 2861 1089 ΣΕΛΕΤΚΟΤ
2891 1020 2995 1087 vel
3023 1023 3171 1088 AN
3173 1021 3564 1105 TIOXOY

360 1137 732 1205 expressere
750 1121 854 1199 .,¹)
910 1140 1123 1185 verum
1166 1143 1267 1186 ιιι3
1296 1120 1514 1206 judice
1553 1121 1926 1210 plerumque
1998 1130 2063 1186 at
2115 1141 2267 1186 vero
2326 1130 2657 1188 extenuata
2718 1127 2851 1213 ejus
2915 1123 3090 1208 regni
3144 1125 3427 1223 potentia
3481 1147 3562 1191 en

360 1217 553 1299 fallit,
620 1229 728 1286 aut
777 1220 999 1287 saltem
1057 1222 1408 1309 ambiguum
1439 1234 1562 1293 test
1612 1224 1925 1306 iudicium,
1995 1222 2113 1305 tibi
2154 1247 2212 1289 v.
2259 1244 2316 1310 g.
2362 1222 2746 1291 Antiochum
2780 1224 2929 1292 XII.
2976 1224 3133 1289 haec
3176 1236 3559 1314 crepantem:

362 1320 540 1409 quod
578 1321 635 1387 is
678 1343 761 1388 ex
784 1318 1003 1390 ‘literis
1057 1324 1354 1391 solitariis
1410 1327 1603 1413 capit,
1662 1325 1926 1422 demptis
1994 1316 3562 1396 ΒΛΣῚΛΕΩΣΑΝΤΙΟΧΟΤΛΙΟΝΤΣῦΥ.

358 1424 469 1503 iis,
533 1436 691 1512 quae
745 1425 1103 1514 frequenter
1156 1429 1223 1493 in
1279 1427 1668 1496 coloniarum
1722 1431 1925 1496 numis
1987 1427 2433 1494 ΕΠΙΦΑΝΟ
2446 1430 2587 1495 ΥΣ.
2610 1422 3563 1497 ΦΙΛΟΠΑΤΟΡΟΣΙΕΑΛ.
3598 1458 3612 1466 ·

231 1541 246 1557 ·
322 1538 725 1609 ·occurrunt,
790 1527 905 1598 sed
963 1530 1054 1597 -ad
1116 1552 1270 1619 quas
1337 1532 1455 1597 rite
1519 1531 1924 1622 explicandas
1994 1530 2460 1611 AINIKOY„
2514 1530 2799 1597 nimirum
2843 1539 2912 1596 ut
2945 1520 3252 1625 pauperes
3284 1534 3419 1615 jam
3460 1552 3555 1598 re-

292 1692 303 1701 .
346 1632 577 1714 juvant
631 1652 855 1698 causae
884 1632 1083 1699 aliae.
1171 1634 1281 1698 Sic
1320 1634 1378 1699 E
1423 1633 1767 1715 solitarium
1809 1656 1924 1700 no·
1992 1652 2104 1718 ges
2173 1632 2633 1718 provinciarum
2691 1636 2997 1717 jacturam
3065 1629 3384 1699 titulorum
3453 1657 3558 1700 co·

356 1738 495 1797 tare
560 1730 887 1796 Ειιια-ὅωη
948 1733 1338 1809 Lusitaniae,
1404 1734 1645 1795 docent
1704 1736 1923 1818 praefi·
1970 1734 2097 1817 ¹pia
2148 1745 2502 1817 pensarent.
2591 1734 2886 1821 Ephesiis
2943 1726 3266 1821 republica
3319 1724 3561 1822 integra

353 1853 478 1905 333
524 1832 596 1900 C.
638 1831 751 1911 A„
808 1829 877 1897 id
919 1840 1043 1897 est·
1109 1834 1354 1898 Colum
1378 1835 1685 1917 Augusta.
1777 1834 1923 1900 Cer·
1992 1852 2066 1896 ac
2132 1831 2368 1899 viribus
2446 1834 2691 1901 valente
2764 1834 3007 1902 suffecit
3073 1830 3312 1901 solum
3342 1839 3557 1903 ΕΦΕ-

236 2021 249 2027 ,
351 1936 475 2001 tius
524 1932 763 2001 deinde
786 1930 1146 2013 indicium,
1222 1954 1375 2017 cum
1414 1956 1646 2001 nomen
1697 1935 1924 2029 populi
1990 1932 2287 2015 ΣΙΩΝ.,
2334 1956 2549 2001 verum
2592 1930 2814 2002 attritis
2857 1935 3045 2002 rebus
3091 1937 3220 2003 suis
3264 1935 3555 2004 solaban-
3591 1960 3594 1963 ¹
3689 2014 3703 2043 Ι
3726 1993 3750 2013 ,

288 2036 545 2123 ’,1111133
606 2035 823 2113 literae
887 2033 1286 2123 ἀρχαιουσαι
1347 2040 1728 2126 exprimunt,
1806 2036 1922 2104 sed
1990 2043 2090 2100 tur
2140 2056 2298 2101 sese
2337 2035 2687 2113 honoribus
2733 2037 3087 2118 adscititiis,
3142 2060 3201 2104 v.
3248 2059 3306 2124 g.
3351 2028 3554 2107 ΕΦΕ-

354 2139 564 2206 adhuc
615 2146 745 2205 tum
799 2137 1092 2204 cautione
1137 2158 1297 2226 opus
1341 2149 1464 2222 est,
1524 2150 1587 2206 et
1641 2160 1829 2228 saepe
1883 2163 1922 2209 a
1988 2138 2232 2207 ΟΙΩΝ.
2278 2141 2373 2207 Δ.
2363 2136 2767 2214 ΝΕΩΚΟΡ.
2819 2142 2916 2206 H.
2972 2138 3339 2205 ΠΡΩΤΗ.
3385 2140 3555 2204 ΠΑ-

352 2242 539 2308 variis
582 2242 754 2309 varie
797 2238 913 2321 fuit
954 2228 1339 2328 peccatums·
1359 2240 1505 2330 Ipse
1550 2238 1921 2311 Pellerinius
1989 2236 2186 2317 GQN.
2216 2242 2413 2308 ΚΑΙ.
2449 2240 2897 2310 ΜΕΓΙΟΤΗ.
2990 2240 3225 2331 Confer
3251 2242 3570 2323 3ι8111γιι-·

354 2366 602 2411 numum
705 2344 899 2431 ΛΑ..
968 2341 1447 2421 Lacedaemona
1546 2343 1916 2431 amandavit,
1987 2350 2310 2410 naeorum'
2354 2349 2677 2411 tumore‘m.
2787 2344 3040 2410 Auctae
3073 2340 3206 2431 ¹per
3269 2338 3554 2410 ambitio-
3647 2349 3658 2365 ‘

286 2454 297 2465 '
357 2447 463 2535 qui
514 2456 725 2514 certae
779 2452 877 2512 est
928 2434 1279 2528 Larymnae
1332 2445 1661 2516 Boeotiae.
1749 2448 1920 2517 Mox
1987 2442 2159 2525 nem,
2215 2454 2320 2510 aut
2377 2445 2580 2513 laudis
2638 2444 2909 2538 studium
2935 2447 3308 2535 ‘scripturae
3363 2445 3556 2512 multa

355 2549 622 2615 vidimus
689 2548 904 2617 literas
964 2550 1040 2615 K
1046 2555 1114 2614 Y
1173 2547 1443 2635 plurium
1507 2547 1747 2617 urbium
1809 2571 1917 2638 pa·
1984 2546 2292 2635 praebent
2379 2539 2752 2635 documenta
2838 2544 3011 2614 numi
3085 2544 3352 2614 Romani
3425 2559 3554 2614 tam

303 2651 320 2662 '
354 2652 600 2719 tientes.
650 2700 655 2705 ι
730 2650 1087 2717 Minuitur.
1128 2649 1509 2738 ambiguum,
1601 2662 1705 2719 aut
1768 2652 1919 2720 fere
1985 2648 2391 2733 familiarum,
2431 2672 2685 2738 -quam
2795 2644 3286 2737 imperatorum,
3365 2654 3554 2738 'quae

348 2741 669 2821 evanescit
711 2752 926 2820 addita
966 2751 1146 2820 litera
1198 2754 1396 2820 tertia.
1484 2754 1701 2843 Reges
1733 2743 1917 2822 etiam
1985 2761 2329 2842 praetereo.
2416 2752 2816 2819 Adulationis
2874 2755 2938 2818 in
2992 2755 3306 2842 principes
3364 2766 3550 2819 cano-

212 2851 219 2856 ’
352 2878 482 2925 non
535 2856 725 2945 pauci
775 2858 1116 2968 scripturae
1172 2856 1551 2950 compendio
1611 2867 1756 2924 sunt
1798 2860 1914 2940 usi,
1985 2877 2057 2921 ra
2100 2854 2501 2943 suppeditant
2554 2864 2912 2941 argumenta
2965 2856 3134 2920 numi
3187 2866 3314 2937 tam
3358 2858 3551 2923 Grae·
3721 2919 3744 2932 ,

353 2984 437 3040 ac
516 2959 854 3048 praecipue
914 3043 929 3049 ο
948 2957 1127 3050 reges
1213 2959 1494 3047 Bospori
1585 2958 1915 3052 Cimmerii,
1987 2958 2072 3038 ci,
2148 2978 2332 3043 quam
2391 2957 2615 3024 Latini.
2726 2954 3160 3040 pervulgatum
3226 2964 3324 3022 est
3392 2956 3552 3023 illud
3687 2988 3702 2992 -

350 3062 599 3149 scripto
655 3083 711 3125 v.
761 3078 855 3146 g.,
896 3055 1152 3126 ‘BAzt
1174 3063 1183 3069 '
1205 3064 1334 3143 II.,
1428 3082 1555 3149 quo
1608 3060 1917 3128 indicatur
1987 3059 2351 3140 Cianorum,
2473 3059 2945 3136 Nicaeensium,
3057 3056 3550 3125 Caesariensium

348 3164 745 3248 ΒΑΣιλευς·
780 3161 1112 3247 Πολεμων
1171 3162 1357 3249 hujus
1411 3165 1685 3230 nominis
1737 3163 1914 3245 alter,
1986 3161 2465 3250 Cappadociae:
2599 3162 2675 3227 K
2692 3161 2746 3228 Ο
2766 3162 2853 3228 Μ
2867 3161 2958 3225 Μ
2977 3157 3030 3224 0
3052 3159 3105 3225 Δ
3128 3157 3182 3225 0
3224 3164 3290 3224 Y.
3310 3205 3338 3234 ,ι
3445 3162 3550 3228 vel

350 3266 502 3332 BA.
556 3267 805 3354 Parae
857 3265 1258 3348 Rhea-upum
1298 3269 1383 3345 1.,
1455 3267 1609 3331 BA.
1656 3267 1733 3332 K.
1804 3290 1913 3335 rex
1982 3264 2163 3342 ΟΕΟ,
2187 3265 2337 3330 ΤΗ
2346 3263 2471 3330 ΡΟ
2493 3269 2560 3328 Y.
2643 3259 3387 3336 ,BAGIAGYONTOQ
3443 3263 3547 3330 ²0.
3635 3333 3644 3338 ,

357 3369 529 3452 Cotys
586 3369 641 3432 Ι.
700 3375 814 3433 etc.
932 3367 1011 3433 In
1062 3368 1262 3433 numis
1315 3368 1682 3435 familiarum
1740 3392 1795 3435 v.
1850 3387 1910 3455 g.
1979 3365 2367 3436 KOGMOG.
2413 3358 2848 3432 ΕΤΤΤΧΕΙ.
2894 3365 3231 3443 Commodo,
3289 3363 3389 3432 vel
3441 3369 3548 3433 Se-

354 3470 433 3547 Q.
479 3469 557 3534 C.
612 3463 713 3536 Μ.
766 3467 836 3533 Ρ.
881 3468 930 3534 Ῑ.
984 3468 1055 3536 id
1108 3478 1234 3538 est:
1328 3474 1915 3553 Qmmcaoeilaoe
1982 3492 2122 3537 veto
2171 3480 2460 3554 reg-name
2511 3466 3064 3548 orbi-sfdwest,
3097 3467 3246 3532 item
3301 3468 3549 3561 copiosi

352 3572 657 3638 Menas
690 3573 844 3638 Pius
907 3573 1270 3657 Imperator,
1345 3571 1461 3664 sed
1535 3561 1615 3640 de
1690 3567 1915 3662 quibus
1982 3571 2175 3653 tituli,
2241 3592 2403 3659 quos
2458 3568 2644 3636 urbes
2703 3567 2982 3634 Graecae
3039 3567 3107 3633 in
3163 3563 3414 3636 Parthia
3466 3571 3547 3638 si·

356 3671 529 3737 alibi.
608 3672 710 3740 De
763 3674 1145 3762 compendio
1201 3656 1543 3764 scripturae
1598 3682 1724 3764 ope
1780 3698 1913 3744 mo·
1980 3685 2085 3748 tae
2131 3675 2200 3740 in
2253 3693 2433 3759 reges
2490 3671 2794 3740 Parthos
2818 3669 3160 3738 contulere.
3258 3670 3547 3739 Romana

276 3783 287 3788 ’
356 3773 843 3861 hogrammamm
887 3786 1103 3862 agetur
1145 3776 1323 3843 infra.
1981 3776 2180 3865 turpis
2270 3774 2505 3842 servitii
2592 3770 2881 3860 exempla
2964 3781 3226 3860 propter
3299 3776 3547 3864 copiam

525 3878 873 3946 Generatim
919 3879 1222 3964 observo,
1276 3879 1720 3974 parsimoniam
1764 3880 1911 3947 scri-
1984 3880 2224 3946 omitto.

348 3987 569 4068 pturae
619 3977 810 4047 fuisse
868 3992 1081 4049 notam
1135 3983 1272 4050 aevi
1314 3981 1745 4072 simplicioris,
1808 3991 1913 4049 aut
2044 4027 2053 4033 -
2182 3979 2604 4068 Inscriptione
2688 3996 3051 4064 numerum,
3140 3986 3326 4066 atque
3411 3982 3546 4065 ejus

347 4080 533 4148 etiam
595 4081 1011 4169 reipublicae,
1089 4086 1301 4194 regni,
1373 4086 1616 4173 imperii
1681 4083 1908 4151 floren·
1979 4081 2315 4169 praecipue
2387 4080 2699 4162 ubertate,
2774 4101 2933 4196 quae
2984 4081 3208 4148 veteri·
3238 4081 3545 4168 parsimo-

322 4183 457 4264 418,
513 4184 580 4248 111
637 4189 812 4270 cujus
870 4185 1078 4286 locum
1133 4197 1302 4254 aetas
1356 4187 1512 4256 luxu
1555 4187 1908 4275 depravata,
1966 4186 2124 4255 niae
2166 4179 2495 4264 successit,
2554 4200 2776 4269 magna
2827 4183 2894 4248 in
2948 4184 3295 4250 universam
3337 4175 3545 4271 philo-

346 4295 453 4352 aut
518 4307 736 4354 versus
796 4288 863 4353 in
928 4294 1105 4378 peius
1171 4312 1376 4358 rerum
1427 4300 1622 4358 status
1676 4291 1914 4358 invexit
1970 4287 2215 4376 ‚logiam
2279 4286 2539 4352 fluxisse
2599 4284 2958 4366 commoda,
3027 4288 3093 4351 in
3148 4292 3368 4371 aperto
3430 4292 3542 4349 est.

3050 4438 3202 4449 .—

408 4505 411 4510 ’
486 4506 548 4580 5)
586 4479 856 4579 supplem.
896 4510 956 4565 11.
995 4532 1043 4580 1·-
1084 4469 1201 4564 105.
1238 4532 1343 4582 seq.
1602 4575 1617 4582 -

378 4605 565 4675 'woh
601 4609 676 4675 Ι.)
1454 4645 1461 4650 -
1712 4686 1717 4692 ¹
1760 4605 1777 4610 ”
2805 4657 2814 4664 ,
2857 4609 2872 4618 ’
3085 4605 3162 4650 m·
