4500 5650
800 390 807 395 ⁷
876 461 1020 514 οη
1761 434 2515 514 PaoLEGOMENA
2566 437 3141 515 GENERAHA.

659 682 673 691 ,
740 592 759 601 ”
882 605 1140 692 dempto
1196 604 1386 703 unico
1430 599 1711 669 Neronis
1760 602 1832 670 in
1882 601 2104 729 eadem
2146 603 2452 673 Caesarea
2516 608 2682 684 rum,
2754 599 3084 684 ludorum,
3157 536 3623 684 magistratuum
3685 602 3833 677 etc,
3920 584 4087 682 quae
4103 610 4130 615 ··

744 758 749 761 ψ
879 707 1153 793 signato.
1841 732 1852 753 ν
2349 748 2354 753 -
2520 703 2674 768 olim
2733 705 2945 771 omnia
2998 713 3106 771 aut
3163 701 3356 791 plane
3407 696 3582 765 fuere
3640 695 3903 778 omissa,
3977 705 4088 811 aut

872 860 879 865 -
1061 812 1388 893 Βιεθψίίο.
1476 805 1645 873 Satis
1689 826 1857 872 nunc
1898 804 2105 872 adhuc
2143 804 2450 887 modesta,
2519 805 2776 873 nonnisi
2817 804 3067 872 modice
3109 806 3421 891 usurpata.

883 932 1026 977 rara
1087 908 1293 976 adhuc
1353 906 1679 974 titulorum
1743 916 1809 974 et
1862 908 2223 975 ambitionis
2281 906 2450 975 vani-
2686 909 3024 976 literam»
3067 907 3312 990 forma.
3441 903 3755 980 Quantum
3827 898 3990 965 haec
4052 919 4094 963 a

680 1040 687 1047 ·
772 1098 779 1101 4
883 1022 1041 1094 tate,
1129 1010 1438 1098 inscripto
1506 1007 1757 1097 quidem
1819 1016 2034 1099 saepe·
2066 1008 2447 1094 magistratu,
2517 1009 3037 1098 praecedentibus
3105 1007 3384 1088 differat,
3455 1003 3690 1071 dictum
3753 1011 3852 1067 est
3911 1000 4090 1067 alibi.

883 1113 1000 1181 sed
1064 1133 1421 1207 suppraesa·
1465 1110 1673 1237 adhuc
1731 1112 2100 1261 plerumque
2158 1113 2295 1196 ejus
2357 1107 2450 1176 di·
2517 1112 2677 1180 Eam
2719 1110 3086 1199 plerumque
3137 1106 3333 1197 magis
3386 1105 3876 1173 monetariorum
3905 1102 4090 1171 rudi-

882 1215 1142 1300 gnitate.
2499 1223 2647 1295 tas,
2708 1235 2894 1300 quam
2934 1212 3222 1300 publicus
3261 1232 3411 1297 usus
3453 1204 3756 1296 corrupit.
3921 1255 3930 1261 -

914 1366 921 1371 -
1058 1318 1397 1383 Πίθωνα
1428 1312 1663 1398 forma.
1753 1313 1941 1380 Fere
1971 1312 2226 1395 eadem,
2291 1316 2460 1401 quae'
2661 1308 2962 1382 Febrim.
3096 1314 3252 1381 Cum
3331 1304 3633 1378 hactenus
3701 1310 4092 1377 Graecorum

890 1419 1301 1495 observatur
1330 1417 1398 1483 in
1463 1417 1665 1482 numis
1728 1414 2014 1505 epochae
2072 1361 2451 1503 praeceden·
2517 1427 2772 1484 moneta
2823 1416 3261 1483 contractioris
3314 1423 3482 1481 esset
3534 1410 3906 1493 voluminis,
3969 1409 4094 1477 sed

887 1519 992 1585 tis:
1076 1517 1237 1585 Inde
1291 1541 1331 1585 a
1368 1518 1735 1586 Domitiano
1787 1539 1995 1585 rarum
2035 1521 2172 1604 jam
2210 1520 2296 1584 Σ
2329 1539 2449 1606 pro
2519 1519 2813 1601 crassior,
2857 1540 3026 1586 nunc
3066 1536 3105 1584 e
3147 1538 3457 1585 converso
3496 1515 3726 1582 amissa
3767 1511 4094 1580 soliditate

894 1621 963 1701 C,
1004 1619 1432 1709 frequentiore
1476 1619 1660 1688 etiam
1703 1609 1751 1681 Ε
1800 1641 1921 1708 pro
1965 1624 2047 1703 E,
2103 1631 2173 1688 ιιι
2216 1617 2452 1690 dictum
2503 1623 2830 1689 excrescit
2892 1619 3207 1690 volumen.
3323 1620 3532 1685 Etiam
3593 1618 3768 1684 numi
3833 1615 4092 1682 maximi

636 1686 643 1693 -
787 1808 793 1812 ,
889 1720 1094 1809 ea1²th
1136 1721 1389 1803 vm.§
1438 1729 1537 1791 10-
1668 1756 1680 1769 “
2519 1722 2766 1789 moduli
2849 1721 2931 1790 ab
3005 1721 3337 1788 Hadriano
3427 1719 3675 1786 demum
3759 1718 4092 1834 incipiunt,

1059 1825 1332 1891 Fabam.
1446 1823 1775 1891 Crassities
1849 1804 2186 1890 aeneorum
2256 1824 2453 1910 magis
2522 1824 2889 1904 rarissimis,
2981 1824 3090 1912 qui
3152 1822 3369 1910 priora
3428 1823 3552 1889 sibi
3609 1831 3896 1907 tempora
3955 1820 4094 1885 vin·

877 1930 1013 2010 jam
1067 1925 1369 1994 attenuari
1420 1926 1670 2014 incipit,
1737 1924 1826 1992 de
1877 1946 2006 2013 quo
2058 1924 2257 1993 modo
2311 1923 2459 1992 vide
2527 1925 2758 1993 dicant.
2859 1925 2999 1993 Soli
3053 1924 3469 1993 Alexandrini
3523 1923 3802 2010 Aegypti
3850 1920 4102 1987 metalli

889 2025 1132 2113 plura
1100 2049 1187 2095 ιιι
1221 2027 1468 2115 epocha
1510 2036 1828 2115 sequente.
1962 2050 1969 2057 ·
2524 2027 2905 2095 soliditatem
2961 2048 3325 2109 servavere,
3372 2027 3559 2115 etiam
3612 2047 3754 2090 cum
3803 2022 4098 2091 minimae

1060 2132 1249 2195 Salus
1300 2137 1612 2212 picturae,
1691 2150 1875 2215 quem
1936 2128 2066 2194 hoc
2133 2128 2286 2195 loco
2347 2126 2455 2209 de-
2524 2129 2790 2195 formae
2845 2145 3078 2195 numos
3161 2126 3434 2194 ferirent.
3592 2126 3841 2193 Mutata
3934 2125 4099 2192 haec

893 2226 1170 2295 scribere
1221 2248 1355 2295 non
1411 2231 1658 2308 attinet,
1721 2229 1867 2316 quia
1916 2227 2454 2314 ex·imperatoriis
2523 2230 2797 2297 fabricae
2851 2231 3014 2295 ratio
3069 2238 3553 2295 autonomon-um
3597 2227 3780 2293 etiam
3821 2235 4098 2293 aetatem

892 2331 1097 2397 numis
1166 2330 1379 2418 potest
1453 2328 1753 2415 intelligi,
1844 2350 1982 2395 cum
2066 2328 2177 2395 vix
2248 2329 2457 2414 aliqua
2525 2330 2858 2397 commode
2915 2330 3151 2397 definit.
3286 2330 3396 2396 Sic
3455 2329 3630 2397 numi
3680 2328 4097 2408 Athenarum,

894 2441 1063 2499 esset
1114 2432 1267 2499 urbs
1321 2433 1597 2517 Graeca,
1674 2452 1834 2517 quae
1893 2440 2272 2509 autonomos
2323 2439 2455 2496 tan·
2527 2454 2793 2521 quorum
2850 2452 2956 2499 aes
2997 2432 3244 2499 tenuius
3287 2442 3415 2516 est,
3469 2433 3606 2499 sine
3661 2430 3860 2520 dubio
3900 2430 4097 2545 hujus

893 2544 1057 2615 tum,
1121 2544 1186 2601 et
1236 2552 1371 2600 non
1422 2532 1608 2598 etiam
1650 2532 2087 2619 imperatorios
2116 2533 2455 2619 signasset.
2525 2544 2670 2605 sunt
2711 2533 3016 2621 epochae.

893 2634 1157 2722 Alioqui
1200 2635 1351 2703 satis
1405 2642 1680 2714 constat,
1737 2635 1958 2701 artium
2008 2634 2457 2723 perfectionem
2695 2641 2884 2704 Salus
2915 2644 3204 2722 picturae.
3286 2634 3490 2716 Quod
3532 2635 3614 2703 de
3653 2636 3783 2703 hoc
3821 2633 4094 2704 articulo

820 2801 832 2808 ,
884 2739 1125 2809 ¹sensim
1165 2739 1233 2804 in
1274 2740 1454 2827 pejus
1499 2735 1750 2824 prolabi
1794 2737 2097 2823 coepisse.
2246 2786 2251 2791 ·
2525 2739 2941 2826 praecedente
3028 2739 3338 2820 dixeram,
3402 2738 3549 2808 ,huc
3631 2740 3818 2805 etiam
3867 2737 4096 2814 ,valet

2168 2833 2179 2838 “
2525 2840 2746 2908 Potest
2787 2831 2954 2907 enim
2998 2863 3081 2908 ex
3120 2843 3566 2931 imperatoriis,
3609 2847 3799 2928 -cujus
3837 2841 4096 2928 generis

1403 2941 1813 3010 EPOGHA
1878 2945 1942 3007 V.
2035 3025 2047 3044 '
2138 3039 2155 3052 ,
2515 2946 2650 3029 jam
2704 2948 2870 3010 nunc
2916 2946 3303 3010 Graecorum
3360 2943 3532 3010 numi
3571 2941 3857 3031 plerique
3893 2929 4095 3024 fuere,

1082 3098 1175 3162 A.
1217 3100 1530 3165 ...a
1570 3118 1752 3181 m
1793 3097 1878 3159 aa
1916 3095 2268 3204 am
2397 3053 2404 3060 ·
2525 3054 3182 3237 mmm
3202 3043 4095 3230 &stammas

978 3253 989 3264 ’
1068 3250 1398 3316 Metallum.
1510 3216 1650 3313 Jam
1708 3244 1841 3312 fere
1906 3265 2012 3310 aes
2065 3199 2275 3311 solum
2323 3265 2457 3310 rem
2525 3269 2650 3335 que
2717 3250 2784 3315 in
2855 3249 3285 3328 incredibilem
3358 3248 3705 3316 barbariem
3773 3247 4096 3333 desinens,

896 3350 1301 3416 monetariam
1345 3347 1689 3436 occupavit.
1817 3346 2157 3413 Perrexere
2208 3345 2461 3432 quidem
2530 3350 2770 3437 optime
2809 3351 3097 3438 intelligi.
3161 3351 3373 3439 Atque
3414 3351 3483 3416 hi
3524 3352 3866 3434 docebunt,
3903 3374 4098 3440 qaam

898 3450 1089 3517 urbes
1173 3450 1448 3540 aliquae,
1535 3458 1606 3517 ut
1689 3447 2077 3516 Alexandria
2159 3448 2458 3537 Aegypti,
2528 3451 2754 3518 misera
2818 3452 3090 3542 denique
3152 3452 3336 3519 fuerit
3375 3475 3508 3542 per
3569 3454 3758 3521 urbes
3817 3457 4096 3524 Graecas

852 3572 859 3577 ·
900 3551 1239 3622 Antiochia
1295 3554 1550 3635 Syriae,
1630 3551 1936 3618 Caesarea
1990 3550 2459 3640 Cappadociae,
2525 3555 2808 3644 picturae
2852 3567 2946 3623 et
2960 3556 3318 3644 sculpturae
3361 3555 3679 3637 conditio,
3735 3557 3834 3623 sic
3878 3567 3948 3624 ut
3988 3558 4096 3626 his

898 3655 1136 3721 Tarsus
1190 3654 1450 3721 Ciliciae
1502 3653 1734 3720 malleo
1791 3650 2063 3720 subdere
2116 3664 2496 3740 argentum,
2529 3659 2883 3754 conspectis
2946 3658 3055 3726 vix
3118 3659 3404 3725 videatur
3459 3657 3795 3741 credibile,
3881 3681 4097 3726 earum

762 3791 767 3798 ·
898 3756 1013 3823 sed
1054 3777 1278 3846 purum
1304 3756 1653 3826 rarissime.
1738 3753 2011 3821 Aureum
2054 3756 2337 3839 unicum,
2397 3768 2462 3826 et
2526 3782 2643 3826 eos
2683 3749 2929 3827 urbium
2972 3783 3115 3827 esse
3158 3760 3481 3843 artefacta,
3526 3777 3784 3862 quarum
3824 3762 4096 3849 insignia

901 3857 1153 3947 quidem
1224 3861 1568 3928 Caesareae
1639 3856 2077 3956 Cappadociae
2149 3881 2290 3926 cum
2360 3881 2460 3926 ca·
2525 3871 2845 3929 anteactae
2895 3855 3117 3929 aetatis
3172 3879 3368 3951 opera
3415 3854 3735 3952 hodieque
3785 3885 3926 3933 cnm
3979 3863 4095 3933 sd—

898 3961 1032 4064 pite
1075 3964 1275 4034 Getae
1317 3961 1495 4030 dedit
1528 3960 1931 4029 Vaillantius.
2525 3966 2853 4050 miratione
2904 3974 3281 4053 spectamus.
3366 3965 3646 4032 Tametsi
3700 3987 3834 4048 non
3875 3966 4096 4056 dispar
4233 4031 4244 4038 .

1070 4065 1397 4148 Imm-iptio.
1527 4062 1865 4151 Nunquam
1950 4061 2215 4130 antehac
2287 4064 2460 4131 numi
2523 4075 2654 4133 tum
2722 4067 2841 4134 fuit
2911 4067 3343 4134 Romanorum
3413 4067 3733 4150 conditio,
3823 4091 4099 4159 quorum

861 4207 879 4215 -
897 4173 1139 4262 veteres
1195 4165 1421 4233 Graeci
1472 4175 1597 4231 tam
1647 4165 1823 4232 fuere
1871 4154 2205 4253 loquaces,
2279 4187 2456 4253 prae·
2523 4169 2695 4236 numi
2751 4169 2917 4252 circa
2973 4170 3250 4236 Gallieni
3310 4175 3576 4237 aetatem
3637 4173 3871 4258 signati
3928 4174 4098 4242 nihil
4239 4163 4258 4170 ⁴

754 4321 759 4325 .
897 4268 1080 4354 cipue
1152 4289 1317 4356 quos
1375 4267 1632 4351 Asiani,
1718 4269 2006 4334 homines
2079 4269 2458 4360 contentiosi
2523 4270 2798 4353 habent,
2837 4293 2972 4359 quo·
3008 4294 3079 4337 se
3123 4272 3384 4338 Graecis
3425 4272 3798 4359 praeferant.
3887 4276 4094 4343 Nimi-

876 4378 961 4436 ¹et
1006 4379 1325 4438 extremae
1362 4372 1777 4459 arrogantiae,
1820 4382 2209 4458 paraverunt.
2296 4372 2455 4438 Tur·
2522 4395 2660 4440 rum
2713 4373 2938 4442 Graeci
2996 4395 3035 4439 a
3085 4373 3390 4439 Romanis
3446 4375 3672 4458 attriti,
3760 4376 3831 4442 hi
3881 4377 4098 4444 molli-

823 4526 827 4529 .
894 4481 1001 4556 get
1036 4471 1219 4540 „haec
1283 4476 1602 4545 mentione
1663 4473 2019 4554 titulorum,
2098 4472 2455 4564 privilegio*
2523 4475 2639 4558 tie,
2725 4497 2802 4546 ac
2874 4475 3236 4543 domesticis
3301 4473 3758 4572 seditionibus,
3803 4501 3820 4518 ‘
3841 4481 4098 4568 utrique
