4500 5650
768 494 773 501 ’
832 548 845 565 χ,
940 502 1076 555 m
1466 456 1477 461 “
1870 476 2620 554 PROLEGOMENA
2669 472 3244 553 GENERALlA.

746 2122 783 2137 h

934 652 1073 733 jam
1123 620 1249 713 vila
1296 642 1534 712 functi?
1604 640 1883 731 Negabit
1940 642 2109 711 istud
2173 641 2346 710 haud
2409 634 2518 708 du·
2585 640 2755 723 hunc
2814 602 3072 711 numum
3131 639 3446 731 pertinere
3481 637 3589 721 „ad
3619 668 3640 687 .
3661 658 3889 706 annum
3946 636 4028 705 V.
4081 638 4158 706 0.

868 736 915 845 1'
949 750 1087 830 bie,
1156 769 1299 815 nam
1344 769 1460 813 res
1514 748 1858 813 monetaria
1918 766 2219 835 praesens
2284 754 2521 813 tantum
2589 749 2737 816 963
2804 745 2906 817 En
2951 746 3271 833 utriusque
3321 742 3496 811 numi
3537 750 3800 809 aetatem
3841 741 3998 830 ipsis
4041 734 4161 809 lx.

950 861 1194 939 tempus
1236 849 1543 937 respexit,
1562 870 1809 966 neque
1860 847 1943 914 ad
1994 848 2311 941 principes
2355 868 2521 913 mor·
2589 846 2769 912 annis
2864 844 3304 935 diver-gentem.
3439 838 3927 913 concedendum
4007 862 4164 928 ergo

949 964 1096 1020 tuos
1140 974 1210 1020 se
1252 953 1567 1040 porrexit,
1635 951 1689 1016 si
1733 973 1958 1016 numos
2003 948 2519 1031 consecrationis,
2587 950 2766 1032 erit,
2811 952 3198 1019 monetarios
3280 947 3533 1039 publice
3602 947 3982 1015 constitutos
4053 942 4164 1013 ad·

912 1065 1058 1129 ,aut
1143 1074 1307 1143 quos
1390 1053 1807 1123 restitutionis
1892 1074 2119 1129 numos
2198 1073 2519 1133 vocamus,
2587 1049 2712 1117 huc
2763 1050 2845 1118 V.
2905 1052 2977 1119 0.
3036 1057 3183 1124 963.
3242 1051 3482 1119 fudisse
3533 1072 3760 1119 numos
3804 1052 3939 1135 ε3ιιε
3983 1066 4167 1133 argu-
4257 1096 4264 1100 -

892 1184 897 1199 .
953 1157 1198 1239 demas,
1244 1155 1360 1223 sed
1404 1155 1514 1241 qui
1554 1154 1677 1221 huc
1720 1174 1853 1220 non
1891 1157 2225 1243 pertinent.
2314 1155 2520 1233 Quae·
2588 1152 2815 1236 menti,
2851 1153 3053 1242 quod
3096 1153 3213 1222 fuit
3253 1156 3404 1221 anni
3447 1159 3592 1226 954.
3667 1150 3917 1221 Eodem
3961 1148 4162 1219 modo

952 1279 1031 1326 ro
1076 1257 1339 1339 deinde,
1399 1257 1640 1323 formae
1681 1256 1830 1324 illae
1872 1269 2143 1347 septem,
2212 1278 2374 1346 quae
2417 1277 2556 1341 cy
2589 1254 2803 1331 differt
2863 1265 3064 1325 aetate
3130 1256 3449 1326 orbiculus
3515 1248 3806 1342 ejusdem
3868 1252 4160 1337 cylindri,

954 1359 1229 1427 lindi-um
1290 1380 1468 1426 suum
1535 1361 1949 1444 constituunt,
2024 1360 2354 1428 fueruntne
2416 1357 2523 1425 de·
2591 1360 2659 1453 in
2705 1380 2833 1447 quo
2879 1360 3046 1428 Geta
3090 1358 3315 1427 dicitur
3356 1360 3494 1427 ΤΒ..
3537 1359 3606 1425 P.
3652 1359 3768 1427 111.
3818 1357 4009 1427 COS.
4053 1356 4158 1438 Π,

836 1514 845 1523 .
958 1465 1220 1531 stinatae
1306 1459 1389 1528 ad
1476 1462 1892 1548 peragendam
1967 1482 2093 1531 uno
2170 1461 2525 1549 codemque
2593 1483 2755 1552 quae
2817 1472 2963 1530 sunt
3019 1471 3190 1529 certa
3239 1461 3472 1535 indicia
3526 1462 3673 1535 anni
3728 1452 3812 1526 V.
3877 1457 3956 1524 0.
4019 1460 4164 1527 964.

959 1574 1245 1654 tempore
1305 1563 1657 1631 fusionem?
1783 1565 1923 1630 Imo
1986 1587 2172 1647 vero,
2263 1563 2523 1653 inquiet,
2595 1562 2768 1645 Quid
2825 1564 3056 1633 deinde
3114 1564 3196 1632 de
3237 1570 3578 1652 conjuncta
3634 1563 3761 1630 illis
3803 1560 4031 1629 Maesa
4073 1556 4166 1624 di·

959 1690 1107 1741 nam
1173 1654 1410 1756 septem
1452 1666 1583 1741 hae
1634 1666 1875 1734 formae
1914 1671 2050 1753 jam
2109 1669 2204 1735 sic
2265 1666 2524 1753 antiqui·
2595 1688 2763 1746 cam,
2805 1687 3056 1754 ·,quam
3151 1666 3331 1737 nullo
3376 1679 3544 1736 certe
3583 1678 3870 1749 auctore,
3948 1669 4086 1751 jam
4123 1682 4168 1728 a

961 1781 1062 1837 tus
1132 1770 1200 1835 in
1266 1767 1620 1851 cylindrum
1685 1770 1894 1836 unitae
1958 1769 2082 1839 sibi
2148 1764 2549 1856 obtigerunt.
2597 1768 2922 1837 Caracalla
2953 1769 3213 1838 dictam
3274 1771 3469 1840 fuisse
3548 1769 3921 1858 Augustam,
4016 1764 4173 1832 co'n·

961 1871 1175 1954 Quin,
1241 1864 1403 1960 quia
1472 1894 1610 1941 oum
1668 1872 1961 1953 formis,
1953 1894 2166 1960 quae
2224 1868 2531 1938 exhibent
2582 1871 2763 1957 jicit?
2841 1871 2928 1938 At
2994 1871 3190 1939 multo
3257 1874 3550 1969 apertius
3579 1872 4018 1941 auctoritatem
4066 1867 4177 1935 his

958 1974 1164 2062 capita
1240 1973 1558 2057 Domnae,
1648 1986 1711 2044 et
1788 1962 2175 2056 Caracallae,
2266 1976 2527 2059 conjun·
2562 1973 2814 2041 formis
2880 1973 3246 2063 publicam
3275 1958 3589 2065 abnegant
3660 1973 3926 2044 orbiculi
4001 1971 4176 2039 simi·

961 2086 1125 2143 ctam
1176 2076 1360 2141 etiam
1410 2077 1646 2162 reperit
1697 2077 1960 2141 formam
2012 2075 2214 2141 Juliae
2267 2074 2530 2140 Maesac
2595 2076 2731 2155 les,
2792 2092 2955 2158 quos
2997 2078 3138 2165 ipse
3177 2076 3502 2163 possideo,
3604 2078 3855 2169 Ηριιιιιι
3897 2095 4058 2142 unus
4101 2074 4174 2141 in

963 2199 1104 2244 cum
1144 2176 1330 2243 titulo
1373 2175 1725 2261 Augustae,
1792 2174 1944 2242 inde
1995 2176 2266 2264 putabat
2300 2170 2532 2260 conjici
2598 2183 2725 2245 una
2764 2185 2944 2264 parte
2983 2174 3199 2244 habet.
3227 2174 3660 2261 SEVERVS.
3707 2177 3851 2245 PIV
3853 2180 3919 2244 S
3943 2167 4172 2244 AVG.

962 2301 1189 2368 posse,
1234 2276 1519 2343 Maesam
1561 2298 1693 2343 non
1735 2277 1989 2344 tandem
2031 2278 2127 2343 ab
2153 2274 2559 2364 Elagabalo,
2602 2281 2798 2361 Capta
2850 2282 3082 2358 Severi,
3184 2279 3251 2346 in
3304 2279 3529 2351 altera:
3617 2279 3688 2347 P.
3746 2272 3864 2349 Μ.
3902 2278 4059 2345 ΤΒ.
4089 2277 4186 2352 Ρ

965 2398 1147 2471 quae
1174 2381 1525 2446 communis
1578 2388 1676 2446 est
1730 2378 2068 2459 sententia,
2156 2376 2273 2444 sed
2312 2381 2451 2464 jam
2495 2397 2533 2445 a
2600 2380 3312 2451 xvm1.008.1111.
3358 2383 3431 2453 P.
3479 2366 3547 2449 P.
3592 2388 3843 2467 &rapu
3882 2395 4054 2449 stam
4101 2388 4170 2448 d.

944 2480 1289 2552 'Caracalla
1369 2482 1597 2549 dictam
1657 2479 1854 2549 tuisse
1927 2480 2299 2568 Augustam,
2389 2479 2536 2567 quia
2599 2488 2775 2552 elata.
2873 2482 3053 2550 Haec
3116 2504 3336 2553 aversa
3405 2485 3490 2553 ad
3543 2483 3926 2554 Caracallum
3978 2484 4184 2572 perti-

964 2608 1147 2654 secus
1208 2586 1370 2650 inter
1430 2582 1662 2651 formas
1735 2582 1818 2651 ad
1884 2581 2243 2661 fundendos
2308 2602 2533 2649 numos
2585 2595 2740 2671 net,
2808 2594 2873 2652 et
2914 2584 2996 2652 ad
3049 2607 3277 2655 annum
3321 2585 3401 2653 V.
3452 2587 3523 2653 0.
3571 2593 3753 2670 969.,
3822 2608 3962 2654 cum
4047 2608 4177 2674 qua

878 2684 883 2691 ’
965 2690 1315 2777 imperanto
1357 2685 1678 2753 Caracalla
1733 2685 2043 2753 adhibitas
2096 2686 2359 2775 reperiri
2400 2707 2535 2752 non
2601 2687 2765 2753 adeo
2828 2686 3165 2757 sociandus
3225 2688 3345 2756 fuit
3419 2688 3739 2765 orbiculus
3802 2691 4179 2778 impressum

964 2792 1276 2880 potuisset
1312 2788 1454 2871 illa,
1512 2809 1672 2875 quae
1711 2787 1997 2858 Maesam
2044 2782 2283 2856 diceret
2323 2782 2531 2875 Augu.-
2600 2788 2844 2857 habens
2907 2797 3094 2877 caput
3146 2788 3533 2876 Caracallae,
3606 2792 3713 2880 qui
3773 2802 3838 2874 et
3886 2786 4025 2879 ipse
4073 2792 4175 2858 in-

969 2902 1131 2962 stam
1163 2893 1241 2980 ⁶).
1339 2887 1656 2958 Creditum
1698 2912 1849 2980 ergo
1893 2887 2008 2958 fuit
2048 2890 2280 2958 illustri
2322 2897 2532 2984 aucto·
2600 2901 2697 2960 ter
2738 2891 2861 2959 hos
2903 2913 3080 2959 meos
3122 2901 3238 2959 est.
3327 2895 3433 2961 An
3473 2914 3625 2980 ergo
3659 2893 4019 2962 caracallae
4061 2894 4176 2963 ad

967 2997 1056 3079 ri,
1131 3016 1349 3062 omnes
1404 2994 1518 3061 has
1569 2993 1802 3080 formas
1868 2993 1952 3061 ad
2004 3014 2191 3062 unam
2243 2971 2533 3060 eandem·
2601 2994 2726 3062 huc
2767 2999 2968 3062 aetate
3011 3005 3076 3063 et
3116 2994 3196 3062 V.
3232 2996 3303 3063 0.
3347 3002 3492 3078 969.
3533 2987 3664 3066 fusi
3703 2995 3956 3086 publice
3996 2997 4176 3070 fuere

967 3119 1111 3187 que
1130 3097 1469 3165 fusionem
1480 3071 1768 3163 valuisse.
1874 3096 1961 3163 At
2000 3115 2154 3164 vero
2209 3095 2374 3164 hanc
2415 3095 2536 3194 viri
2601 3097 2774 3176 numi
2837 3113 2978 3164 cum
3039 3099 3242 3186 capite
3307 3093 3527 3166 Severi
3577 3104 3712 3190 jani
3766 3111 3934 3172 ante.
3966 3121 4176 3170 annos

901 3274 905 3279 ,
964 3201 1271 3290 praeclari
1324 3198 1691 3264 sententiam
1742 3218 1895 3263 suae
1948 3199 2145 3285 ipsius
2186 3189 2486 3264 formae
2467 3185 2536 3264 ιιι
2601 3200 2682 3268 V.
2745 3181 3014 3270 mortui?
3112 3199 3289 3290 Quid
3354 3201 3529 3288 quod
3591 3203 3753 3270 inter
3808 3203 3956 3270 hos
3981 3204 4196 3291 ipsos,

969 3323 1091 3369 suo
1132 3299 1424 3384 cylindro
1466 3300 1675 3366 unitae
1717 3298 2110 3388 redarguant.
2206 3300 2380 3368 Inter
2415 3320 2533 3366 .·nu
2603 3322 2781 3369 meos
2848 3285 3171 3370 orbiculos
3235 3324 3394 3372 unus
3451 3315 3550 3373 est
3579 3327 3741 3380 cum
3780 3310 3996 3396 capite
4043 3306 4178 3375 Ge·

969 3425 1111 3470 mos
1168 3425 1249 3471 ex
1303 3402 1650 3488 argillaceis
1706 3401 1805 3468 his
1850 3397 2149 3469 orbiculis
2178 3423 2534 3491 ,expressos
2603 3413 2706 3474 tae
2759 3403 3041 3472 nondum
3092 3404 3377 3492 Augusti.
3501 3408 3615 3474 An
3669 3407 4005 3477 verisimile
4037 3421 4174 3495 est,

970 3526 1175 3573 ιιιιιιε
1170 3515 1330 3572 εει
1417 3503 2006 3572 ANTONINVS.·
2045 3504 2189 3574 PIV
2190 3505 2258 3571 S
2325 3505 2531 3574 AVG.
2605 3509 2951 3595 imperante
3005 3508 3358 3591 Caracalla,
3434 3511 3541 3597 qni
3602 3509 3810 3579 {ranis
3885 3515 4008 3584 sui
4057 3534 4178 3580 no-

974 3613 1175 3693 Gaput
1261 3609 1615 3678 Caracalla.»
1699 3611 2029 3676 laureatum
2094 3611 2354 3690 ,iuvenile
2432 3616 2536 3675 en·
2575 3632 2749 3692 ,men
2800 3633 2884 3679 ex
2941 3608 3149 3694 fastis,
3209 3615 3752 3703 monumentisque
3785 3616 3989 3702 jussit
4039 3638 4179 3684 era-

810 3783 823 3792 ,
969 3714 1201 3800 herbe..
1246 3711 1318 3793 )(
1369 3707 1594 3775 vlcr.
1649 3708 1897 3775 PART.
1964 3708 2190 3778 MAx.
2290 3713 2541 3779 Victoria
2608 3713 2704 3798 di,
2800 3713 3056 3803 publice
3142 3736 3405 3782 ausuros
3493 3716 3690 3786 fuisse
3765 3700 4177 3810 monetario&

868 3835 874 3850 ·
969 3819 1268 3900 gradiens.
1322 3813 1482 3878 Esse
1517 3810 1686 3878 hunc
1714 3832 1967 3878 numum
2001 3812 2247 3879 anniV.
2269 3813 2366 3880 0.
2395 3819 2539 3884 954.
2606 3821 2742 3904 ejus
2785 3817 3069 3886 Caesaris
3123 3818 3379 3892 nomine
3421 3841 3647 3888 numos
3699 3819 3895 3888 flare?
3977 3821 4178 3891 Deni-

970 3917 1075 3985 vel
1117 3915 1465 4003 sequentiS,
1526 3913 1682 3981 olim
1739 3913 2085 3992 docebitur.
2182 3915 2366 3983 Alter
2391 3928 2532 3990 εει·
2609 3928 2731 4007 que
2775 3941 2857 3986 ex
2898 3919 3054 4010 ipsis
3096 3920 3197 3988 his
3243 3922 3580 4006 orbiculis,
3625 3946 3787 4030 quos
3829 3945 4008 4014 prae
4026 3947 4180 3994 ocu-

973 4017 1541 4086 ANTONINVS.
1559 4015 1773 4084 PIVS.
1794 4016 2000 4085 AVG.
2024 4018 2257 4089 BRIT.
2346 4023 2544 4104 Capta
2607 4021 2689 4088 lis
2764 4021 3005 4103 habeo,
3094 4023 3416 4100 manifeste
3490 4019 3787 4118 apparet,
3875 4029 4186 4120 imagines

969 4124 1320 4189 Gai-acellae
1369 4113 1731 4186 lammam
1777 4121 2155 4188 barbatum.
2188 4123 2266 4204 j(
2332 4122 2542 4190 PON·
2610 4145 2744 4204 non
2800 4146 2882 4190 ex
2939 4127 3329 4210 matricibus,
3401 4128 3515 4197 sed
3573 4151 3682 4196 ex
3708 4132 3910 4198 numis
3968 4132 4188 4202 obviis

808 4269 823 4280 .
968 4222 1135 4290 TIF.
1198 4221 1334 4290 ΤΒ.
1391 4221 1459 4285 P.
1502 4220 1688 4290 XIII.
1746 4222 1931 4289 COS.
1958 4223 2088 4290 =111.
2187 4226 2418 4293 Mulier
2454 4249 2543 4294 sc·
2612 4224 2842 4294 malleo
2883 4231 3200 4316 percussis
3243 4233 3309 4299 i'n
3344 4229 3596 4349 argina
3599 4230 3793 4302 fuisse
3829 4254 4191 4323 expressa.

968 4331 1129 4394 dens.
1228 4325 1334 4391 Ex
1393 4322 1561 4391 notis
1606 4323 2087 4414 chronologicis
2141 4336 2375 4396 certum
2427 4337 2544 4412 est,
2614 4328 2902 4398 Indicant
2954 4331 3122 4400 istud
3176 4334 3476 4465 imagines
3519 4333 3669 4402 lo'co
3713 4348 3949 4421 motae,
4002 4339 4194 4426 quod

1106 4539 1555 4614 ο..)Ιο.Ρ38.
1650 4507 1658 4516 ⁶
