<?xml version="1.0" encoding="UTF-8"?>
<!DOCTYPE html PUBLIC "-//W3C//DTD XHTML 1.0 Transitional//EN"
    "http://www.w3.org/TR/xhtml1/DTD/xhtml1-transitional.dtd">
<html xmlns="http://www.w3.org/1999/xhtml" xml:lang="en" lang="en">
 <head>
  <title>
</title>
<meta http-equiv="Content-Type" content="text/html;charset=utf-8" />
  <meta name='ocr-system' content='tesseract 3.04.00' />
  <meta name='ocr-capabilities' content='ocr_page ocr_carea ocr_par ocr_line ocrx_word'/>
</head>
<body>
  <div class='ocr_page' id='page_1' title='image "./doctrinanumorum11unkngoog_0217.png"; bbox 0 0 4500 5650; ppageno 0'>
   <div class='ocr_carea' id='block_1_1' title="bbox 1595 593 2419 667">
    <p class='ocr_par' dir='ltr' id='par_1_1' title="bbox 1595 593 2419 667">
     <span class='ocr_line' id='line_1_1' title="bbox 1595 593 2419 667; baseline -0.004 -1"><span class='ocrx_word' id='word_1_1' title='bbox 1595 594 1654 666; x_wconf 89' lang='lat' dir='ltr'>C</span> <span class='ocrx_word' id='word_1_2' title='bbox 1688 594 1752 666; x_wconf 88' lang='lat' dir='ltr'><strong>A</strong></span> <span class='ocrx_word' id='word_1_3' title='bbox 1783 593 1845 665; x_wconf 89' lang='lat' dir='ltr'>P</span> <span class='ocrx_word' id='word_1_4' title='bbox 1879 593 2048 665; x_wconf 62' lang='lat' dir='ltr'><strong>V&#39;I&#39;</strong></span> <span class='ocrx_word' id='word_1_5' title='bbox 2131 593 2419 667; x_wconf 73' lang='lat' dir='ltr'><strong>XXIV.¹</strong></span> 
     </span>
    </p>
   </div>
   <div class='ocr_carea' id='block_1_2' title="bbox 237 738 3669 2395">
    <p class='ocr_par' dir='ltr' id='par_1_2' title="bbox 309 738 3663 2266">
     <span class='ocr_line' id='line_1_2' title="bbox 309 738 3601 849; baseline -0.001 -20"><span class='ocrx_word' id='word_1_6' title='bbox 309 820 326 829; x_wconf 42' lang='grc' dir='ltr'><strong>ι</strong></span> <span class='ocrx_word' id='word_1_7' title='bbox 393 758 652 835; x_wconf 76' lang='lat' dir='ltr'><strong>areolae·</strong></span> <span class='ocrx_word' id='word_1_8' title='bbox 706 750 1020 829; x_wconf 86' lang='lat' dir='ltr'><strong>rotundae</strong></span> <span class='ocrx_word' id='word_1_9' title='bbox 1088 780 1314 829; x_wconf 87' lang='lat' dir='ltr'><strong>numos</strong></span> <span class='ocrx_word' id='word_1_10' title='bbox 1339 738 1744 849; x_wconf 69' lang='lat' dir='ltr'><strong>mepturae.</strong></span> <span class='ocrx_word' id='word_1_11' title='bbox 1777 756 1964 829; x_wconf 83' lang='lat' dir='ltr'><strong>Ha·</strong></span> <span class='ocrx_word' id='word_1_12' title='bbox 2033 750 2320 829; x_wconf 72' lang='lat' dir='ltr'><strong>tineatuu.</strong></span> <span class='ocrx_word' id='word_1_13' title='bbox 2409 758 2593 828; x_wconf 89' lang='lat' dir='ltr'><strong>Non</strong></span> <span class='ocrx_word' id='word_1_14' title='bbox 2606 780 2872 849; x_wconf 81' lang='lat' dir='ltr'><strong>possum</strong></span> <span class='ocrx_word' id='word_1_15' title='bbox 2917 757 3206 848; x_wconf 86' lang='lat' dir='ltr'><strong>equidem</strong></span> <span class='ocrx_word' id='word_1_16' title='bbox 3249 758 3414 830; x_wconf 81' lang='lat' dir='ltr'><strong>hanc</strong></span> <span class='ocrx_word' id='word_1_17' title='bbox 3441 757 3601 827; x_wconf 81' lang='lat' dir='ltr'><strong>diffi-</strong></span> 
     </span>
     <span class='ocr_line' id='line_1_3' title="bbox 389 854 3641 950; baseline -0.003 -17"><span class='ocrx_word' id='word_1_18' title='bbox 389 881 528 933; x_wconf 81' lang='lat' dir='ltr'><strong>rum</strong></span> <span class='ocrx_word' id='word_1_19' title='bbox 549 863 750 940; x_wconf 76' lang='lat' dir='ltr'><strong>varia</strong></span> <span class='ocrx_word' id='word_1_20' title='bbox 787 871 902 933; x_wconf 87' lang='lat' dir='ltr'><strong>est</strong></span> <span class='ocrx_word' id='word_1_21' title='bbox 954 883 1110 950; x_wconf 88' lang='lat' dir='ltr'><strong>pro</strong></span> <span class='ocrx_word' id='word_1_22' title='bbox 1103 881 1460 931; x_wconf 86' lang='lat' dir='ltr'><strong>numorum</strong></span> <span class='ocrx_word' id='word_1_23' title='bbox 1502 862 1821 931; x_wconf 83' lang='lat' dir='ltr'><strong>volumine</strong></span> <span class='ocrx_word' id='word_1_24' title='bbox 1865 882 1963 928; x_wconf 80' lang='lat' dir='ltr'><strong>oa-</strong></span> <span class='ocrx_word' id='word_1_25' title='bbox 2033 860 2325 935; x_wconf 81' lang='lat' dir='ltr'><strong>cultatem</strong></span> <span class='ocrx_word' id='word_1_26' title='bbox 2395 860 2655 929; x_wconf 85' lang='lat' dir='ltr'><strong>inficiari</strong></span> <span class='ocrx_word' id='word_1_27' title='bbox 2671 909 2706 944; x_wconf 99' lang='lat'><strong>,</strong></span> <span class='ocrx_word' id='word_1_28' title='bbox 2762 882 2921 950; x_wconf 86' lang='lat' dir='ltr'><strong>quae</strong></span> <span class='ocrx_word' id='word_1_29' title='bbox 2987 860 3250 929; x_wconf 83' lang='lat' dir='ltr'><strong>instituti</strong></span> <span class='ocrx_word' id='word_1_30' title='bbox 3321 859 3444 927; x_wconf 89' lang='lat' dir='ltr'><strong>mei</strong></span> <span class='ocrx_word' id='word_1_31' title='bbox 3505 854 3641 940; x_wconf 65' lang='grc' dir='ltr'><strong>ι·ιι-’ι</strong></span> 
     </span>
     <span class='ocr_line' id='line_1_4' title="bbox 390 935 3651 1066; baseline -0.002 -34"><span class='ocrx_word' id='word_1_32' title='bbox 390 966 712 1054; x_wconf 74' lang='lat' dir='ltr'><strong>pacitas.</strong></span> <span class='ocrx_word' id='word_1_33' title='bbox 750 962 1084 1052; x_wconf 81' lang='lat' dir='ltr'><strong>Ampliora</strong></span> <span class='ocrx_word' id='word_1_34' title='bbox 1144 965 1340 1051; x_wconf 69' lang='lat' dir='ltr'><strong>eiigit</strong></span> <span class='ocrx_word' id='word_1_35' title='bbox 1400 964 1678 1051; x_wconf 81' lang='lat' dir='ltr'><strong>hospitia</strong></span> <span class='ocrx_word' id='word_1_36' title='bbox 1743 945 1963 1030; x_wconf 86' lang='lat' dir='ltr'><strong>classis</strong></span> <span class='ocrx_word' id='word_1_37' title='bbox 2031 959 2270 1032; x_wconf 90' lang='lat' dir='ltr'><strong>tionem</strong></span> <span class='ocrx_word' id='word_1_38' title='bbox 2325 963 2682 1032; x_wconf 81' lang='lat' dir='ltr'><strong>necessario</strong></span> <span class='ocrx_word' id='word_1_39' title='bbox 2740 962 3161 1066; x_wconf 73' lang='lat' dir='ltr'><strong>consequitur.</strong></span> <span class='ocrx_word' id='word_1_40' title='bbox 3254 935 3399 1037; x_wconf 88' lang='lat' dir='ltr'><strong>Sed</strong></span> <span class='ocrx_word' id='word_1_41' title='bbox 3465 978 3651 1026; x_wconf 84' lang='lat' dir='ltr'><strong>eam.</strong></span> 
     </span>
     <span class='ocr_line' id='line_1_5' title="bbox 388 1044 3663 1155; baseline -0.002 -20"><span class='ocrx_word' id='word_1_42' title='bbox 388 1066 532 1150; x_wconf 83' lang='lat' dir='ltr'><strong>illa,</strong></span> <span class='ocrx_word' id='word_1_43' title='bbox 605 1086 766 1155; x_wconf 86' lang='lat' dir='ltr'><strong>quae</strong></span> <span class='ocrx_word' id='word_1_44' title='bbox 836 1086 1066 1132; x_wconf 81' lang='lat' dir='ltr'><strong>numos</strong></span> <span class='ocrx_word' id='word_1_45' title='bbox 1129 1066 1436 1132; x_wconf 72' lang='lat' dir='ltr'><strong>maximae</strong></span> <span class='ocrx_word' id='word_1_46' title='bbox 1496 1063 1736 1153; x_wconf 81' lang='lat' dir='ltr'><strong>formae</strong></span> <span class='ocrx_word' id='word_1_47' title='bbox 1794 1084 1961 1130; x_wconf 88' lang='lat' dir='ltr'><strong>com·</strong></span> <span class='ocrx_word' id='word_1_48' title='bbox 2030 1066 2312 1152; x_wconf 81' lang='lat' dir='ltr'><strong>mi-tigare</strong></span> <span class='ocrx_word' id='word_1_49' title='bbox 2383 1064 2505 1131; x_wconf 82' lang='lat' dir='ltr'><strong>hac</strong></span> <span class='ocrx_word' id='word_1_50' title='bbox 2572 1065 2818 1135; x_wconf 79' lang='lat' dir='ltr'><strong>ratione</strong></span> <span class='ocrx_word' id='word_1_51' title='bbox 2880 1061 3143 1133; x_wconf 84' lang='lat' dir='ltr'><strong>institui.</strong></span> <span class='ocrx_word' id='word_1_52' title='bbox 3251 1044 3601 1149; x_wconf 75' lang='lat' dir='ltr'><strong>Prospectu</strong></span> <span class='ocrx_word' id='word_1_53' title='bbox 3648 1065 3663 1080; x_wconf 84' lang='lat'>‘</span> 
     </span>
     <span class='ocr_line' id='line_1_6' title="bbox 386 1158 3649 1258; baseline -0.001 -23"><span class='ocrx_word' id='word_1_54' title='bbox 386 1166 701 1258; x_wconf 81' lang='lat' dir='ltr'><strong>plectitur,</strong></span> <span class='ocrx_word' id='word_1_55' title='bbox 749 1174 814 1233; x_wconf 88' lang='lat' dir='ltr'><strong>et</strong></span> <span class='ocrx_word' id='word_1_56' title='bbox 855 1167 950 1232; x_wconf 79' lang='lat' dir='ltr'><strong>sic</strong></span> <span class='ocrx_word' id='word_1_57' title='bbox 989 1158 1338 1251; x_wconf 70' lang='grc' dir='ltr'><em>ἀναλογως</em></span> <span class='ocrx_word' id='word_1_58' title='bbox 1380 1166 1802 1241; x_wconf 77' lang='lat' dir='ltr'><strong>contractiora</strong></span> <span class='ocrx_word' id='word_1_59' title='bbox 1841 1164 1956 1246; x_wconf 91' lang='lat' dir='ltr'><strong>illi,</strong></span> <span class='ocrx_word' id='word_1_60' title='bbox 2028 1176 2213 1235; x_wconf 87' lang='lat' dir='ltr'><strong>antea</strong></span> <span class='ocrx_word' id='word_1_61' title='bbox 2276 1186 2609 1235; x_wconf 87' lang='lat' dir='ltr'><strong>numorum</strong></span> <span class='ocrx_word' id='word_1_62' title='bbox 2654 1185 2941 1255; x_wconf 83' lang='lat' dir='ltr'><strong>numero</strong></span> <span class='ocrx_word' id='word_1_63' title='bbox 3012 1164 3281 1253; x_wconf 86' lang='lat' dir='ltr'><strong>duplicis</strong></span> <span class='ocrx_word' id='word_1_64' title='bbox 3347 1162 3597 1251; x_wconf 83' lang='lat' dir='ltr'><strong>generis</strong></span> <span class='ocrx_word' id='word_1_65' title='bbox 3632 1248 3649 1253; x_wconf 38' lang='grc'><strong>-</strong></span> 
     </span>
     <span class='ocr_line' id='line_1_7' title="bbox 388 1262 3597 1359; baseline -0.002 -22"><span class='ocrx_word' id='word_1_66' title='bbox 388 1270 494 1359; x_wconf 85' lang='lat' dir='ltr'><strong>qui</strong></span> <span class='ocrx_word' id='word_1_67' title='bbox 537 1276 685 1337; x_wconf 86' lang='lat' dir='ltr'><strong>sunt</strong></span> <span class='ocrx_word' id='word_1_68' title='bbox 725 1267 965 1335; x_wconf 82' lang='lat' dir='ltr'><strong>formae</strong></span> <span class='ocrx_word' id='word_1_69' title='bbox 1005 1267 1341 1337; x_wconf 87' lang='lat'>1.11.111.</span> <span class='ocrx_word' id='word_1_70' title='bbox 1427 1267 1637 1337; x_wconf 88' lang='lat' dir='ltr'><strong>Nemo</strong></span> <span class='ocrx_word' id='word_1_71' title='bbox 1693 1287 1827 1335; x_wconf 87' lang='lat' dir='ltr'><strong>non</strong></span> <span class='ocrx_word' id='word_1_72' title='bbox 1867 1268 1957 1334; x_wconf 78' lang='lat' dir='ltr'><strong>vi·</strong></span> <span class='ocrx_word' id='word_1_73' title='bbox 2024 1268 2244 1357; x_wconf 74' lang='lat' dir='ltr'><strong>paravi</strong></span> <span class='ocrx_word' id='word_1_74' title='bbox 2282 1267 2561 1349; x_wconf 85' lang='lat' dir='ltr'><strong>tabulas,</strong></span> <span class='ocrx_word' id='word_1_75' title='bbox 2618 1290 2733 1335; x_wconf 85' lang='lat' dir='ltr'><strong>seu</strong></span> <span class='ocrx_word' id='word_1_76' title='bbox 2776 1287 3029 1336; x_wconf 81' lang='lat' dir='ltr'><strong>asseres</strong></span> <span class='ocrx_word' id='word_1_77' title='bbox 3072 1264 3364 1334; x_wconf 87' lang='lat' dir='ltr'><strong>mobiles.</strong></span> <span class='ocrx_word' id='word_1_78' title='bbox 3456 1262 3597 1355; x_wconf 79' lang='lat' dir='ltr'><strong>Ho-</strong></span> 
     </span>
     <span class='ocr_line' id='line_1_8' title="bbox 385 1353 3595 1457; baseline -0.002 -19"><span class='ocrx_word' id='word_1_79' title='bbox 385 1369 527 1451; x_wconf 87' lang='lat' dir='ltr'><strong>det,</strong></span> <span class='ocrx_word' id='word_1_80' title='bbox 598 1369 763 1437; x_wconf 73' lang='lat' dir='ltr'><strong>hanc</strong></span> <span class='ocrx_word' id='word_1_81' title='bbox 831 1366 1179 1436; x_wconf 72' lang='lat' dir='ltr'><strong>areolarum</strong></span> <span class='ocrx_word' id='word_1_82' title='bbox 1243 1371 1524 1457; x_wconf 59' lang='lat' dir='ltr'><strong>spectata</strong></span> <span class='ocrx_word' id='word_1_83' title='bbox 1590 1353 1956 1454; x_wconf 85' lang='lat' dir='ltr'><strong>magnitudi-</strong></span> <span class='ocrx_word' id='word_1_84' title='bbox 2023 1390 2160 1436; x_wconf 88' lang='lat' dir='ltr'><strong>rum</strong></span> <span class='ocrx_word' id='word_1_85' title='bbox 2231 1390 2420 1439; x_wconf 90' lang='lat' dir='ltr'><strong>unum</strong></span> <span class='ocrx_word' id='word_1_86' title='bbox 2488 1367 2755 1437; x_wconf 87' lang='lat' dir='ltr'><strong>divisum</strong></span> <span class='ocrx_word' id='word_1_87' title='bbox 2824 1368 2942 1442; x_wconf 85' lang='lat' dir='ltr'><strong>fuit</strong></span> <span class='ocrx_word' id='word_1_88' title='bbox 3011 1369 3079 1433; x_wconf 90' lang='lat' dir='ltr'><strong>in</strong></span> <span class='ocrx_word' id='word_1_89' title='bbox 3147 1386 3357 1447; x_wconf 89' lang='lat' dir='ltr'><strong>areas,</strong></span> <span class='ocrx_word' id='word_1_90' title='bbox 3431 1380 3595 1452; x_wconf 82' lang='lat' dir='ltr'><strong>quae</strong></span> 
     </span>
     <span class='ocr_line' id='line_1_9' title="bbox 385 1445 3596 1555; baseline -0.003 -17"><span class='ocrx_word' id='word_1_91' title='bbox 385 1491 468 1539; x_wconf 90' lang='lat' dir='ltr'><strong>ne</strong></span> <span class='ocrx_word' id='word_1_92' title='bbox 537 1460 1037 1537; x_wconf 76' lang='lat' dir='ltr'><strong>distributionem</strong></span> <span class='ocrx_word' id='word_1_93' title='bbox 1053 1518 1072 1551; x_wconf 87' lang='lat'>‚</span> <span class='ocrx_word' id='word_1_94' title='bbox 1160 1478 1230 1537; x_wconf 87' lang='lat' dir='ltr'><strong>ut</strong></span> <span class='ocrx_word' id='word_1_95' title='bbox 1300 1468 1448 1537; x_wconf 86' lang='lat' dir='ltr'><strong>hnic</strong></span> <span class='ocrx_word' id='word_1_96' title='bbox 1516 1490 1587 1536; x_wconf 86' lang='lat' dir='ltr'><strong>se</strong></span> <span class='ocrx_word' id='word_1_97' title='bbox 1670 1469 1953 1537; x_wconf 76' lang='lat' dir='ltr'><strong>instituto</strong></span> <span class='ocrx_word' id='word_1_98' title='bbox 2022 1445 2352 1540; x_wconf 84' lang='lat' dir='ltr'><strong>numorum</strong></span> <span class='ocrx_word' id='word_1_99' title='bbox 2422 1471 2475 1538; x_wconf 88' lang='grc' dir='ltr'><strong>Ι.</strong></span> <span class='ocrx_word' id='word_1_100' title='bbox 2551 1470 2792 1541; x_wconf 86' lang='lat' dir='ltr'><strong>formae</strong></span> <span class='ocrx_word' id='word_1_101' title='bbox 2878 1488 3231 1538; x_wconf 85' lang='lat' dir='ltr'><strong>mensuram</strong></span> <span class='ocrx_word' id='word_1_102' title='bbox 3312 1454 3596 1555; x_wconf 81' lang='lat' dir='ltr'><strong>&#39;aliquan-</strong></span> 
     </span>
     <span class='ocr_line' id='line_1_10' title="bbox 386 1560 3657 1672; baseline -0.002 -29"><span class='ocrx_word' id='word_1_103' title='bbox 386 1580 604 1658; x_wconf 68' lang='lat' dir='ltr'><strong>snspte</strong></span> <span class='ocrx_word' id='word_1_104' title='bbox 675 1568 1163 1652; x_wconf 78' lang='lat' dir='ltr'><strong>adcommodat,</strong></span> <span class='ocrx_word' id='word_1_105' title='bbox 1249 1570 1398 1672; x_wconf 78' lang='lat' dir='ltr'><strong>quia</strong></span> <span class='ocrx_word' id='word_1_106' title='bbox 1464 1570 1801 1639; x_wconf 70' lang='lat' dir='ltr'><strong>volmmnm</strong></span> <span class='ocrx_word' id='word_1_107' title='bbox 1861 1569 1950 1636; x_wconf 88' lang='lat' dir='ltr'><strong>le·</strong></span> <span class='ocrx_word' id='word_1_108' title='bbox 2014 1583 2148 1643; x_wconf 89' lang='lat' dir='ltr'><strong>tum</strong></span> <span class='ocrx_word' id='word_1_109' title='bbox 2208 1570 2558 1653; x_wconf 62' lang='lat' dir='ltr'><strong>exo-dunt,</strong></span> <span class='ocrx_word' id='word_1_110' title='bbox 2639 1581 2828 1661; x_wconf 86' lang='lat' dir='ltr'><strong>atque</strong></span> <span class='ocrx_word' id='word_1_111' title='bbox 2896 1593 3011 1660; x_wconf 85' lang='lat' dir='ltr'><strong>per</strong></span> <span class='ocrx_word' id='word_1_112' title='bbox 3082 1569 3199 1637; x_wconf 84' lang='lat' dir='ltr'><strong>has</strong></span> <span class='ocrx_word' id='word_1_113' title='bbox 3284 1576 3592 1661; x_wconf 77' lang='lat' dir='ltr'><strong>perpetua</strong></span> <span class='ocrx_word' id='word_1_114' title='bbox 3618 1560 3657 1573; x_wconf 78' lang='grc'><strong>“’</strong></span> 
     </span>
     <span class='ocr_line' id='line_1_11' title="bbox 385 1665 3593 1765; baseline -0.001 -27"><span class='ocrx_word' id='word_1_115' title='bbox 385 1692 531 1759; x_wconf 83' lang='lat' dir='ltr'><strong>gem</strong></span> <span class='ocrx_word' id='word_1_116' title='bbox 575 1671 883 1758; x_wconf 77' lang='lat' dir='ltr'><strong>sequitur,</strong></span> <span class='ocrx_word' id='word_1_117' title='bbox 914 1692 984 1738; x_wconf 87' lang='lat' dir='ltr'><strong>·a</strong></span> <span class='ocrx_word' id='word_1_118' title='bbox 1035 1673 1177 1765; x_wconf 83' lang='lat' dir='ltr'><strong>meo</strong></span> <span class='ocrx_word' id='word_1_119' title='bbox 1209 1665 1417 1760; x_wconf 77' lang='lat' dir='ltr'><strong>-plane</strong></span> <span class='ocrx_word' id='word_1_120' title='bbox 1466 1693 1609 1740; x_wconf 84' lang='lat' dir='ltr'><strong>esse</strong></span> <span class='ocrx_word' id='word_1_121' title='bbox 1661 1670 1984 1739; x_wconf 83' lang='lat' dir='ltr'><strong>alienam.</strong></span> <span class='ocrx_word' id='word_1_122' title='bbox 2018 1673 2180 1743; x_wconf 87' lang='lat' dir='ltr'><strong>serie</strong></span> <span class='ocrx_word' id='word_1_123' title='bbox 2253 1673 2545 1742; x_wconf 74' lang='lat' dir='ltr'><strong>distribui</strong></span> <span class='ocrx_word' id='word_1_124' title='bbox 2606 1692 2837 1741; x_wconf 84' lang='lat' dir='ltr'><strong>numos</strong></span> <span class='ocrx_word' id='word_1_125' title='bbox 2898 1674 2954 1741; x_wconf 74' lang='grc' dir='ltr'><strong>Ι.</strong></span> <span class='ocrx_word' id='word_1_126' title='bbox 3030 1682 3094 1739; x_wconf 89' lang='lat' dir='ltr'><strong>et</strong></span> <span class='ocrx_word' id='word_1_127' title='bbox 3167 1670 3248 1738; x_wconf 91' lang='grc' dir='ltr'><strong>ΙΙ.</strong></span> <span class='ocrx_word' id='word_1_128' title='bbox 3319 1669 3593 1750; x_wconf 66' lang='lat' dir='ltr'><strong>formae,</strong></span> 
     </span>
     <span class='ocr_line' id='line_1_12' title="bbox 384 1769 3593 1875; baseline -0.001 -36"><span class='ocrx_word' id='word_1_129' title='bbox 384 1772 556 1844; x_wconf 83' lang='lat' dir='ltr'><strong>Nam</strong></span> <span class='ocrx_word' id='word_1_130' title='bbox 612 1793 750 1837; x_wconf 86' lang='lat' dir='ltr'><strong>cum</strong></span> <span class='ocrx_word' id='word_1_131' title='bbox 785 1769 866 1838; x_wconf 58' lang='lat' dir='ltr'><strong>*m</strong></span> <span class='ocrx_word' id='word_1_132' title='bbox 919 1772 1050 1840; x_wconf 90' lang='lat' dir='ltr'><strong>hoc</strong></span> <span class='ocrx_word' id='word_1_133' title='bbox 1089 1772 1264 1840; x_wconf 87' lang='lat' dir='ltr'><strong>nulla</strong></span> <span class='ocrx_word' id='word_1_134' title='bbox 1304 1771 1626 1849; x_wconf 67' lang='lat' dir='ltr'><strong>habeatur</strong></span> <span class='ocrx_word' id='word_1_135' title='bbox 1649 1773 1949 1859; x_wconf 80' lang='lat' dir='ltr'><strong>magnitu-</strong></span> <span class='ocrx_word' id='word_1_136' title='bbox 2017 1777 2192 1875; x_wconf 80' lang='lat' dir='ltr'><strong>quin</strong></span> <span class='ocrx_word' id='word_1_137' title='bbox 2229 1784 2294 1843; x_wconf 87' lang='lat' dir='ltr'><strong>et</strong></span> <span class='ocrx_word' id='word_1_138' title='bbox 2355 1796 2579 1842; x_wconf 90' lang='lat' dir='ltr'><strong>numos</strong></span> <span class='ocrx_word' id='word_1_139' title='bbox 2634 1773 2887 1845; x_wconf 80' lang='lat' dir='ltr'><strong>maximi</strong></span> <span class='ocrx_word' id='word_1_140' title='bbox 2943 1771 3218 1853; x_wconf 89' lang='lat' dir='ltr'><strong>moduli,</strong></span> <span class='ocrx_word' id='word_1_141' title='bbox 3294 1772 3355 1851; x_wconf 71' lang='lat' dir='ltr'><strong>si</strong></span> <span class='ocrx_word' id='word_1_142' title='bbox 3393 1769 3593 1841; x_wconf 83' lang='lat' dir='ltr'><strong>modo</strong></span> 
     </span>
     <span class='ocr_line' id='line_1_13' title="bbox 385 1872 3597 1993; baseline -0.002 -50"><span class='ocrx_word' id='word_1_143' title='bbox 385 1873 554 1943; x_wconf 81' lang='lat' dir='ltr'><strong>dinis</strong></span> <span class='ocrx_word' id='word_1_144' title='bbox 614 1872 808 1953; x_wconf 88' lang='lat' dir='ltr'><strong>ratio,</strong></span> <span class='ocrx_word' id='word_1_145' title='bbox 876 1873 1013 1940; x_wconf 86' lang='lat' dir='ltr'><strong>sed</strong></span> <span class='ocrx_word' id='word_1_146' title='bbox 1050 1874 1174 1941; x_wconf 89' lang='lat' dir='ltr'><strong>sibi</strong></span> <span class='ocrx_word' id='word_1_147' title='bbox 1228 1874 1566 1945; x_wconf 74' lang='lat' dir='ltr'><strong>succedant</strong></span> <span class='ocrx_word' id='word_1_148' title='bbox 1615 1875 1816 1955; x_wconf 87' lang='lat' dir='ltr'><strong>numi,</strong></span> <span class='ocrx_word' id='word_1_149' title='bbox 1882 1881 1950 1940; x_wconf 90' lang='lat' dir='ltr'><strong>ut</strong></span> <span class='ocrx_word' id='word_1_150' title='bbox 2016 1898 2134 1945; x_wconf 75' lang='lat' dir='ltr'><strong>eos</strong></span> <span class='ocrx_word' id='word_1_151' title='bbox 2188 1875 2438 1944; x_wconf 85' lang='lat' dir='ltr'><strong>areolae</strong></span> <span class='ocrx_word' id='word_1_152' title='bbox 2490 1877 2800 1993; x_wconf 74' lang='lat' dir='ltr'><strong>capacitas</strong></span> <span class='ocrx_word' id='word_1_153' title='bbox 2862 1873 3143 1954; x_wconf 78' lang='lat' dir='ltr'><strong>admisit,</strong></span> <span class='ocrx_word' id='word_1_154' title='bbox 3207 1875 3381 1955; x_wconf 86' lang='lat' dir='ltr'><strong>(nam</strong></span> <span class='ocrx_word' id='word_1_155' title='bbox 3442 1881 3597 1939; x_wconf 85' lang='lat' dir='ltr'><strong>sunt</strong></span> 
     </span>
     <span class='ocr_line' id='line_1_14' title="bbox 381 1972 3589 2067; baseline -0 -25"><span class='ocrx_word' id='word_1_156' title='bbox 381 1994 497 2055; x_wconf 80' lang='lat' dir='ltr'><strong>eos</strong></span> <span class='ocrx_word' id='word_1_157' title='bbox 539 1996 651 2041; x_wconf 83' lang='lat' dir='ltr'><strong>sen</strong></span> <span class='ocrx_word' id='word_1_158' title='bbox 691 1972 1142 2061; x_wconf 74' lang='lat' dir='ltr'><strong>geographiae,</strong></span> <span class='ocrx_word' id='word_1_159' title='bbox 1186 1997 1298 2041; x_wconf 89' lang='lat' dir='ltr'><strong>seu</strong></span> <span class='ocrx_word' id='word_1_160' title='bbox 1340 1974 1794 2061; x_wconf 74' lang='lat' dir='ltr'><strong>chronologiae</strong></span> <span class='ocrx_word' id='word_1_161' title='bbox 1834 1973 1948 2043; x_wconf 77' lang='lat' dir='ltr'><strong>lex</strong></span> <span class='ocrx_word' id='word_1_162' title='bbox 1999 1980 2142 2045; x_wconf 89' lang='lat' dir='ltr'><strong>non</strong></span> <span class='ocrx_word' id='word_1_163' title='bbox 2201 1978 2416 2065; x_wconf 84' lang='lat' dir='ltr'><strong>pauci,</strong></span> <span class='ocrx_word' id='word_1_164' title='bbox 2495 1979 2602 2067; x_wconf 90' lang='lat' dir='ltr'><strong>qui</strong></span> <span class='ocrx_word' id='word_1_165' title='bbox 2667 1997 2891 2043; x_wconf 83' lang='lat' dir='ltr'><strong>numos</strong></span> <span class='ocrx_word' id='word_1_166' title='bbox 2952 1976 3004 2041; x_wconf 90' lang='lat'><strong>1.</strong></span> <span class='ocrx_word' id='word_1_167' title='bbox 3072 1972 3311 2040; x_wconf 87' lang='lat' dir='ltr'><strong>formae</strong></span> <span class='ocrx_word' id='word_1_168' title='bbox 3380 1972 3589 2059; x_wconf 81' lang='lat' dir='ltr'><strong>magis</strong></span> 
     </span>
     <span class='ocr_line' id='line_1_15' title="bbox 369 2066 3583 2172; baseline -0.001 -30"><span class='ocrx_word' id='word_1_169' title='bbox 369 2075 552 2162; x_wconf 78' lang='lat' dir='ltr'><strong>jubet</strong></span> <span class='ocrx_word' id='word_1_170' title='bbox 591 2075 1002 2157; x_wconf 56' lang='lat' dir='ltr'><strong>succedet-Q·</strong></span> <span class='ocrx_word' id='word_1_171' title='bbox 995 2097 1274 2172; x_wconf 84' lang='lat' dir='ltr'><strong>necesse</strong></span> <span class='ocrx_word' id='word_1_172' title='bbox 1318 2086 1443 2158; x_wconf 85' lang='lat' dir='ltr'><strong>est,</strong></span> <span class='ocrx_word' id='word_1_173' title='bbox 1503 2076 1750 2143; x_wconf 83' lang='lat' dir='ltr'><strong>areolas</strong></span> <span class='ocrx_word' id='word_1_174' title='bbox 1792 2078 1942 2165; x_wconf 85' lang='lat' dir='ltr'><strong>ejus</strong></span> <span class='ocrx_word' id='word_1_175' title='bbox 2011 2078 2320 2158; x_wconf 72' lang='lat' dir='ltr'><strong>crassitie,</strong></span> <span class='ocrx_word' id='word_1_176' title='bbox 2398 2099 2582 2166; x_wconf 84' lang='lat' dir='ltr'><strong>quam</strong></span> <span class='ocrx_word' id='word_1_177' title='bbox 2631 2076 2951 2145; x_wconf 86' lang='lat' dir='ltr'><strong>volumine</strong></span> <span class='ocrx_word' id='word_1_178' title='bbox 3015 2066 3382 2150; x_wconf 60' lang='lat' dir='ltr'><strong>excedunt).</strong></span> <span class='ocrx_word' id='word_1_179' title='bbox 3469 2068 3583 2138; x_wconf 82' lang='lat' dir='ltr'><strong>AJ-</strong></span> 
     </span>
     <span class='ocr_line' id='line_1_16' title="bbox 380 2166 3660 2269; baseline -0.002 -21"><span class='ocrx_word' id='word_1_180' title='bbox 380 2198 519 2249; x_wconf 75' lang='lat' dir='ltr'><strong>esse</strong></span> <span class='ocrx_word' id='word_1_181' title='bbox 569 2176 960 2266; x_wconf 81' lang='lat' dir='ltr'><strong>capacitatis,</strong></span> <span class='ocrx_word' id='word_1_182' title='bbox 1020 2169 1180 2264; x_wconf 87' lang='lat' dir='ltr'><strong>quae</strong></span> <span class='ocrx_word' id='word_1_183' title='bbox 1229 2179 1453 2248; x_wconf 80' lang='lat' dir='ltr'><strong>seriem</strong></span> <span class='ocrx_word' id='word_1_184' title='bbox 1511 2187 1797 2266; x_wconf 84' lang='lat' dir='ltr'><strong>coeptam</strong></span> <span class='ocrx_word' id='word_1_185' title='bbox 1848 2176 1941 2240; x_wconf 86' lang='lat' dir='ltr'><strong>in·</strong></span> <span class='ocrx_word' id='word_1_186' title='bbox 2007 2190 2206 2247; x_wconf 82' lang='lat' dir='ltr'><strong>terum</strong></span> <span class='ocrx_word' id='word_1_187' title='bbox 2263 2177 2531 2246; x_wconf 81' lang='lat' dir='ltr'><strong>divisum</strong></span> <span class='ocrx_word' id='word_1_188' title='bbox 2586 2177 2702 2245; x_wconf 85' lang='lat' dir='ltr'><strong>fuit</strong></span> <span class='ocrx_word' id='word_1_189' title='bbox 2747 2178 2816 2244; x_wconf 90' lang='lat' dir='ltr'><strong>in</strong></span> <span class='ocrx_word' id='word_1_190' title='bbox 2867 2175 3114 2244; x_wconf 75' lang='lat' dir='ltr'><strong>areolas</strong></span> <span class='ocrx_word' id='word_1_191' title='bbox 3152 2175 3581 2269; x_wconf 76' lang='lat' dir='ltr'><strong>angustiores,</strong></span> <span class='ocrx_word' id='word_1_192' title='bbox 3656 2166 3660 2173; x_wconf 75' lang='grc'><strong>’</strong></span> 
     </span>
    </p>

    <p class='ocr_par' dir='ltr' id='par_1_3' title="bbox 237 2274 3669 2395">
     <span class='ocr_line' id='line_1_17' title="bbox 237 2274 3669 2395; baseline -0.002 -46"><span class='ocrx_word' id='word_1_193' title='bbox 237 2296 246 2305; x_wconf 89' lang='grc'><em>·</em></span> <span class='ocrx_word' id='word_1_194' title='bbox 379 2279 677 2395; x_wconf 73' lang='lat' dir='ltr'><strong>tet-rumpi</strong></span> <span class='ocrx_word' id='word_1_195' title='bbox 730 2297 862 2345; x_wconf 88' lang='lat' dir='ltr'><strong>uon</strong></span> <span class='ocrx_word' id='word_1_196' title='bbox 911 2278 1212 2367; x_wconf 49' lang='lat' dir='ltr'><strong>patiam-‚2</strong></span> <span class='ocrx_word' id='word_1_197' title='bbox 1281 2280 1370 2347; x_wconf 74' lang='lat' dir='ltr'><strong>At</strong></span> <span class='ocrx_word' id='word_1_198' title='bbox 1419 2281 1586 2349; x_wconf 88' lang='lat' dir='ltr'><strong>enim</strong></span> <span class='ocrx_word' id='word_1_199' title='bbox 1637 2280 1766 2344; x_wconf 91' lang='lat' dir='ltr'><strong>hoc</strong></span> <span class='ocrx_word' id='word_1_200' title='bbox 1806 2297 1939 2342; x_wconf 92' lang='lat' dir='ltr'><strong>mo·</strong></span> <span class='ocrx_word' id='word_1_201' title='bbox 2011 2300 2204 2368; x_wconf 89' lang='lat' dir='ltr'><strong>quae·</strong></span> <span class='ocrx_word' id='word_1_202' title='bbox 2238 2280 2466 2351; x_wconf 79' lang='lat' dir='ltr'><strong>numos</strong></span> <span class='ocrx_word' id='word_1_203' title='bbox 2520 2274 2630 2349; x_wconf 85' lang='grc' dir='ltr'><strong>ΙΙΙ.</strong></span> <span class='ocrx_word' id='word_1_204' title='bbox 2693 2277 2965 2361; x_wconf 85' lang='lat' dir='ltr'><strong>formae,</strong></span> <span class='ocrx_word' id='word_1_205' title='bbox 3041 2287 3106 2345; x_wconf 86' lang='lat' dir='ltr'><strong>et</strong></span> <span class='ocrx_word' id='word_1_206' title='bbox 3174 2286 3599 2366; x_wconf 68' lang='lat' dir='ltr'><strong>quoscunque·</strong></span> <span class='ocrx_word' id='word_1_207' title='bbox 3642 2348 3669 2363; x_wconf 74' lang='lat'><strong>..</strong></span> 
     </span>
    </p>
   </div>
   <div class='ocr_carea' id='block_1_3' title="bbox 3255 594 3783 691">
    <p class='ocr_par' dir='ltr' id='par_1_4' title="bbox 3255 594 3783 691">
     <span class='ocr_line' id='line_1_18' title="bbox 3255 594 3783 691; baseline 0.004 -28"><span class='ocrx_word' id='word_1_208' title='bbox 3255 606 3615 691; x_wconf 19' lang='lat' dir='ltr'><strong>cmxxxm·</strong></span> <span class='ocrx_word' id='word_1_209' title='bbox 3666 594 3674 601; x_wconf 84' lang='grc'><strong><em>’</em></strong></span> <span class='ocrx_word' id='word_1_210' title='bbox 3726 658 3733 665; x_wconf 86' lang='grc'><em>,</em></span> <span class='ocrx_word' id='word_1_211' title='bbox 3770 622 3783 629; x_wconf 89' lang='grc'><strong>-</strong></span> 
     </span>
    </p>
   </div>
   <div class='ocr_carea' id='block_1_4' title="bbox 378 2377 3591 2571">
    <p class='ocr_par' dir='ltr' id='par_1_5' title="bbox 378 2377 3591 2571">
     <span class='ocr_line' id='line_1_19' title="bbox 381 2377 3591 2477; baseline -0.001 -30"><span class='ocrx_word' id='word_1_212' title='bbox 381 2378 500 2463; x_wconf 84' lang='lat' dir='ltr'><strong>do,</strong></span> <span class='ocrx_word' id='word_1_213' title='bbox 556 2380 834 2477; x_wconf 76' lang='lat' dir='ltr'><strong>inquies,</strong></span> <span class='ocrx_word' id='word_1_214' title='bbox 902 2396 1162 2447; x_wconf 85' lang='lat' dir='ltr'><strong>necesse</strong></span> <span class='ocrx_word' id='word_1_215' title='bbox 1212 2381 1361 2462; x_wconf 87' lang='lat' dir='ltr'><strong>erit,</strong></span> <span class='ocrx_word' id='word_1_216' title='bbox 1414 2379 1666 2448; x_wconf 83' lang='lat' dir='ltr'><strong>areolas</strong></span> <span class='ocrx_word' id='word_1_217' title='bbox 1724 2397 1946 2444; x_wconf 82' lang='lat' dir='ltr'><strong>omnes</strong></span> <span class='ocrx_word' id='word_1_218' title='bbox 2011 2381 2111 2449; x_wconf 86' lang='lat' dir='ltr'><strong>his</strong></span> <span class='ocrx_word' id='word_1_219' title='bbox 2165 2383 2444 2449; x_wconf 85' lang='lat' dir='ltr'><strong>minores</strong></span> <span class='ocrx_word' id='word_1_220' title='bbox 2499 2378 2872 2469; x_wconf 82' lang='lat' dir='ltr'><strong>reciperent.</strong></span> <span class='ocrx_word' id='word_1_221' title='bbox 2972 2379 3101 2458; x_wconf 87' lang='lat' dir='ltr'><strong>Qui</strong></span> <span class='ocrx_word' id='word_1_222' title='bbox 3160 2379 3328 2445; x_wconf 88' lang='lat' dir='ltr'><strong>numi</strong></span> <span class='ocrx_word' id='word_1_223' title='bbox 3393 2377 3591 2445; x_wconf 84' lang='lat' dir='ltr'><strong>maxi-</strong></span> 
     </span>
     <span class='ocr_line' id='line_1_20' title="bbox 378 2479 3582 2571; baseline -0.001 -22"><span class='ocrx_word' id='word_1_224' title='bbox 378 2480 735 2571; x_wconf 83' lang='lat' dir='ltr'><strong>peramplae</strong></span> <span class='ocrx_word' id='word_1_225' title='bbox 787 2502 930 2549; x_wconf 82' lang='lat' dir='ltr'><strong>esse</strong></span> <span class='ocrx_word' id='word_1_226' title='bbox 1001 2481 1319 2563; x_wconf 84' lang='lat' dir='ltr'><strong>diametri,</strong></span> <span class='ocrx_word' id='word_1_227' title='bbox 1387 2482 1532 2569; x_wconf 89' lang='lat' dir='ltr'><strong>quia</strong></span> <span class='ocrx_word' id='word_1_228' title='bbox 1589 2500 1724 2553; x_wconf 82' lang='lat' dir='ltr'><strong>uon</strong></span> <span class='ocrx_word' id='word_1_229' title='bbox 1797 2503 1943 2549; x_wconf 84' lang='lat' dir='ltr'><strong>raro</strong></span> <span class='ocrx_word' id='word_1_230' title='bbox 2011 2504 2149 2550; x_wconf 88' lang='lat' dir='ltr'><strong>mae</strong></span> <span class='ocrx_word' id='word_1_231' title='bbox 2189 2483 2432 2552; x_wconf 81' lang='lat' dir='ltr'><strong>formae</strong></span> <span class='ocrx_word' id='word_1_232' title='bbox 2477 2483 2739 2569; x_wconf 82' lang='lat' dir='ltr'><strong>majoris</strong></span> <span class='ocrx_word' id='word_1_233' title='bbox 2785 2489 2932 2559; x_wconf 77' lang='lat' dir='ltr'><strong>sunt</strong></span> <span class='ocrx_word' id='word_1_234' title='bbox 2971 2479 3341 2562; x_wconf 77' lang='lat' dir='ltr'><strong>voluminis,</strong></span> <span class='ocrx_word' id='word_1_235' title='bbox 3397 2492 3582 2567; x_wconf 85' lang='lat' dir='ltr'><strong>quam</strong></span> 
     </span>
    </p>
   </div>
   <div class='ocr_carea' id='block_1_5' title="bbox 237 2568 3601 2774">
    <p class='ocr_par' dir='ltr' id='par_1_6' title="bbox 237 2568 3601 2774">
     <span class='ocr_line' id='line_1_21' title="bbox 237 2568 1942 2672; baseline 0.002 -21"><span class='ocrx_word' id='word_1_236' title='bbox 237 2662 244 2669; x_wconf 48' lang='grc'><em>,</em></span> <span class='ocrx_word' id='word_1_237' title='bbox 320 2612 328 2617; x_wconf 94' lang='grc'><em>·</em></span> <span class='ocrx_word' id='word_1_238' title='bbox 380 2584 519 2665; x_wconf 81' lang='lat' dir='ltr'><strong>fiet,</strong></span> <span class='ocrx_word' id='word_1_239' title='bbox 577 2593 647 2650; x_wconf 90' lang='lat' dir='ltr'><strong>ut</strong></span> <span class='ocrx_word' id='word_1_240' title='bbox 702 2602 953 2650; x_wconf 88' lang='lat' dir='ltr'><strong>numum</strong></span> <span class='ocrx_word' id='word_1_241' title='bbox 1009 2583 1122 2649; x_wconf 90' lang='lat'>111.</span> <span class='ocrx_word' id='word_1_242' title='bbox 1165 2581 1268 2651; x_wconf 70' lang='lat' dir='ltr'><strong>vei</strong></span> <span class='ocrx_word' id='word_1_243' title='bbox 1307 2582 1419 2649; x_wconf 87' lang='lat' dir='ltr'><strong>IV.</strong></span> <span class='ocrx_word' id='word_1_244' title='bbox 1461 2568 1731 2666; x_wconf 74' lang='lat' dir='ltr'><strong>formae,</strong></span> <span class='ocrx_word' id='word_1_245' title='bbox 1775 2605 1838 2655; x_wconf 77' lang='lat' dir='ltr'><strong>v.</strong></span> <span class='ocrx_word' id='word_1_246' title='bbox 1877 2604 1942 2672; x_wconf 86' lang='lat' dir='ltr'><strong>g·</strong></span> 
     </span>
     <span class='ocr_line' id='line_1_22' title="bbox 1361 2683 3601 2774; baseline -0.003 -24"><span class='ocrx_word' id='word_1_247' title='bbox 1361 2683 1635 2772; x_wconf 83' lang='lat' dir='ltr'><strong>excipiat</strong></span> <span class='ocrx_word' id='word_1_248' title='bbox 1720 2705 1946 2753; x_wconf 83' lang='lat' dir='ltr'><strong>numus</strong></span> <span class='ocrx_word' id='word_1_249' title='bbox 2010 2686 2177 2753; x_wconf 87' lang='lat' dir='ltr'><strong>niam</strong></span> <span class='ocrx_word' id='word_1_250' title='bbox 2218 2685 2515 2774; x_wconf 79' lang='lat' dir='ltr'><strong>perpauci</strong></span> <span class='ocrx_word' id='word_1_251' title='bbox 2568 2694 2735 2751; x_wconf 84' lang='lat' dir='ltr'><strong>sunt</strong></span> <span class='ocrx_word' id='word_1_252' title='bbox 2773 2696 3032 2752; x_wconf 83' lang='lat' dir='ltr'><strong>numero</strong></span> <span class='ocrx_word' id='word_1_253' title='bbox 3047 2730 3067 2767; x_wconf 91' lang='lat'><strong>,</strong></span> <span class='ocrx_word' id='word_1_254' title='bbox 3102 2703 3335 2769; x_wconf 89' lang='lat' dir='ltr'><strong>neque</strong></span> <span class='ocrx_word' id='word_1_255' title='bbox 3388 2683 3601 2751; x_wconf 50' lang='lat' dir='ltr'><strong>etiam,</strong></span> 
     </span>
    </p>
   </div>
   <div class='ocr_carea' id='block_1_6' title="bbox 278 2672 1945 2876">
    <p class='ocr_par' dir='ltr' id='par_1_7' title="bbox 278 2672 1945 2876">
     <span class='ocr_line' id='line_1_23' title="bbox 381 2672 1272 2771; baseline 0 -20"><span class='ocrx_word' id='word_1_256' title='bbox 381 2678 696 2771; x_wconf 76' lang='lat' dir='ltr'><strong>Pergami,</strong></span> <span class='ocrx_word' id='word_1_257' title='bbox 782 2672 894 2752; x_wconf 82' lang='lat' dir='ltr'><strong>vel</strong></span> <span class='ocrx_word' id='word_1_258' title='bbox 956 2683 1239 2752; x_wconf 85' lang='lat' dir='ltr'><strong>Valentis</strong></span> <span class='ocrx_word' id='word_1_259' title='bbox 1252 2730 1272 2766; x_wconf 95' lang='lat'><strong>,</strong></span> 
     </span>
     <span class='ocr_line' id='line_1_24' title="bbox 278 2756 1945 2876; baseline -0.002 -22"><span class='ocrx_word' id='word_1_260' title='bbox 278 2779 284 2782; x_wconf 58' lang='grc'>’</span> <span class='ocrx_word' id='word_1_261' title='bbox 381 2785 786 2876; x_wconf 85' lang='lat' dir='ltr'><strong>praegrandis</strong></span> <span class='ocrx_word' id='word_1_262' title='bbox 867 2756 1108 2854; x_wconf 74' lang='lat' dir='ltr'><strong>formae</strong></span> <span class='ocrx_word' id='word_1_263' title='bbox 1190 2781 1469 2870; x_wconf 80' lang='lat' dir='ltr'><strong>ejusdcm</strong></span> <span class='ocrx_word' id='word_1_264' title='bbox 1552 2783 1764 2866; x_wconf 67' lang='lat' dir='ltr'><strong>urbis,</strong></span> <span class='ocrx_word' id='word_1_265' title='bbox 1841 2782 1945 2852; x_wconf 79' lang='lat' dir='ltr'><strong>vel</strong></span> 
     </span>
    </p>
   </div>
   <div class='ocr_carea' id='block_1_7' title="bbox 382 2868 3789 3003">
    <p class='ocr_par' dir='ltr' id='par_1_8' title="bbox 382 2868 3789 3003">
     <span class='ocr_line' id='line_1_25' title="bbox 382 2868 3789 3003; baseline -0 -47"><span class='ocrx_word' id='word_1_266' title='bbox 382 2888 702 2970; x_wconf 78' lang='lat' dir='ltr'><strong>Caesaris,</strong></span> <span class='ocrx_word' id='word_1_267' title='bbox 786 2910 862 2955; x_wconf 84' lang='lat' dir='ltr'><strong>ac</strong></span> <span class='ocrx_word' id='word_1_268' title='bbox 926 2896 1076 2954; x_wconf 89' lang='lat' dir='ltr'><strong>tum</strong></span> <span class='ocrx_word' id='word_1_269' title='bbox 1137 2907 1397 2954; x_wconf 79' lang='lat' dir='ltr'><strong>necesse</strong></span> <span class='ocrx_word' id='word_1_270' title='bbox 1449 2887 1675 3003; x_wconf 73' lang='lat' dir='ltr'><strong>etiam,</strong></span> <span class='ocrx_word' id='word_1_271' title='bbox 1756 2906 1946 2974; x_wconf 82' lang='lat' dir='ltr'><strong>supra</strong></span> <span class='ocrx_word' id='word_1_272' title='bbox 2009 2889 2263 2958; x_wconf 87' lang='lat' dir='ltr'><strong>dinem</strong></span> <span class='ocrx_word' id='word_1_273' title='bbox 2312 2889 2380 2956; x_wconf 91' lang='lat' dir='ltr'><strong>in</strong></span> <span class='ocrx_word' id='word_1_274' title='bbox 2476 2883 2719 2974; x_wconf 77' lang='lat' dir='ltr'><strong>tabulas</strong></span> <span class='ocrx_word' id='word_1_275' title='bbox 2817 2888 3114 2976; x_wconf 86' lang='lat' dir='ltr'><strong>aliquot</strong></span> <span class='ocrx_word' id='word_1_276' title='bbox 3141 2885 3587 2980; x_wconf 80' lang='lat' dir='ltr'><strong>capacioribus</strong></span> <span class='ocrx_word' id='word_1_277' title='bbox 3708 2868 3720 2896; x_wconf 79' lang='lat'><strong><em>‘</em></strong></span> <span class='ocrx_word' id='word_1_278' title='bbox 3782 2963 3789 2971; x_wconf 54' lang='lat'>‚</span> 
     </span>
    </p>
   </div>
   <div class='ocr_carea' id='block_1_8' title="bbox 273 2986 1990 3787">
    <p class='ocr_par' dir='ltr' id='par_1_9' title="bbox 273 2986 1950 3787">
     <span class='ocr_line' id='line_1_26' title="bbox 365 2986 1944 3076; baseline -0.001 -21"><span class='ocrx_word' id='word_1_279' title='bbox 365 2988 643 3055; x_wconf 72' lang='lat' dir='ltr'><strong>‘modum</strong></span> <span class='ocrx_word' id='word_1_280' title='bbox 707 2986 1115 3076; x_wconf 86' lang='lat' dir='ltr'><strong>multiplicare</strong></span> <span class='ocrx_word' id='word_1_281' title='bbox 1187 2987 1445 3069; x_wconf 85' lang='lat' dir='ltr'><strong>scrinia,</strong></span> <span class='ocrx_word' id='word_1_282' title='bbox 1531 2988 1679 3076; x_wconf 86' lang='lat' dir='ltr'><strong>quia</strong></span> <span class='ocrx_word' id='word_1_283' title='bbox 1760 2988 1944 3075; x_wconf 83' lang='lat' dir='ltr'><strong>etiam</strong></span> 
     </span>
     <span class='ocr_line' id='line_1_27' title="bbox 379 3071 1945 3166; baseline 0.002 -11"><span class='ocrx_word' id='word_1_284' title='bbox 379 3089 680 3155; x_wconf 83' lang='lat' dir='ltr'><strong>minimae</strong></span> <span class='ocrx_word' id='word_1_285' title='bbox 748 3088 983 3166; x_wconf 80' lang='lat' dir='ltr'><strong>formae</strong></span> <span class='ocrx_word' id='word_1_286' title='bbox 1052 3087 1288 3157; x_wconf 89' lang='lat' dir='ltr'><strong>numuli</strong></span> <span class='ocrx_word' id='word_1_287' title='bbox 1352 3088 1616 3157; x_wconf 85' lang='lat' dir='ltr'><strong>eandem</strong></span> <span class='ocrx_word' id='word_1_288' title='bbox 1680 3071 1945 3158; x_wconf 84' lang='lat' dir='ltr'><strong>sortien-</strong></span> 
     </span>
     <span class='ocr_line' id='line_1_28' title="bbox 377 3192 1980 3280; baseline 0.003 -25"><span class='ocrx_word' id='word_1_289' title='bbox 377 3198 514 3256; x_wconf 85' lang='lat' dir='ltr'><strong>tur</strong></span> <span class='ocrx_word' id='word_1_290' title='bbox 557 3208 795 3271; x_wconf 79' lang='lat' dir='ltr'><strong>aream,</strong></span> <span class='ocrx_word' id='word_1_291' title='bbox 866 3200 1185 3279; x_wconf 70' lang='lat' dir='ltr'><strong>quantam,</strong></span> <span class='ocrx_word' id='word_1_292' title='bbox 1257 3192 1363 3280; x_wconf 86' lang='lat' dir='ltr'><strong>qui</strong></span> <span class='ocrx_word' id='word_1_293' title='bbox 1427 3192 1732 3260; x_wconf 83' lang='lat' dir='ltr'><strong>maximae</strong></span> <span class='ocrx_word' id='word_1_294' title='bbox 1783 3201 1980 3259; x_wconf 87' lang='lat' dir='ltr'><strong>sunt.</strong></span> 
     </span>
     <span class='ocr_line' id='line_1_29' title="bbox 379 3289 1944 3382; baseline 0.003 -26"><span class='ocrx_word' id='word_1_295' title='bbox 379 3289 493 3356; x_wconf 85' lang='lat' dir='ltr'><strong>Ad</strong></span> <span class='ocrx_word' id='word_1_296' title='bbox 536 3289 696 3358; x_wconf 87' lang='lat' dir='ltr'><strong>haec</strong></span> <span class='ocrx_word' id='word_1_297' title='bbox 733 3312 863 3358; x_wconf 89' lang='lat' dir='ltr'><strong>non</strong></span> <span class='ocrx_word' id='word_1_298' title='bbox 905 3301 1118 3380; x_wconf 81' lang='lat' dir='ltr'><strong>potest</strong></span> <span class='ocrx_word' id='word_1_299' title='bbox 1158 3297 1292 3360; x_wconf 80' lang='grc' dir='ltr'><strong>ιιοιι</strong></span> <span class='ocrx_word' id='word_1_300' title='bbox 1336 3291 1656 3360; x_wconf 81' lang='lat' dir='ltr'><strong>offendere</strong></span> <span class='ocrx_word' id='word_1_301' title='bbox 1701 3291 1944 3382; x_wconf 84' lang='lat' dir='ltr'><strong>oculos,</strong></span> 
     </span>
     <span class='ocr_line' id='line_1_30' title="bbox 381 3392 1950 3483; baseline 0.003 -25"><span class='ocrx_word' id='word_1_302' title='bbox 381 3411 526 3458; x_wconf 78' lang='lat' dir='ltr'><strong>cum</strong></span> <span class='ocrx_word' id='word_1_303' title='bbox 563 3392 812 3476; x_wconf 76' lang='lat' dir='ltr'><strong>vident,</strong></span> <span class='ocrx_word' id='word_1_304' title='bbox 864 3393 1182 3462; x_wconf 83' lang='lat' dir='ltr'><strong>numulum</strong></span> <span class='ocrx_word' id='word_1_305' title='bbox 1227 3393 1455 3461; x_wconf 73' lang='lat' dir='ltr'><strong>&#39;exilem</strong></span> <span class='ocrx_word' id='word_1_306' title='bbox 1464 3445 1488 3483; x_wconf 85' lang='lat'><em>‚</em></span> <span class='ocrx_word' id='word_1_307' title='bbox 1542 3394 1760 3481; x_wconf 83' lang='lat' dir='ltr'><strong>quales</strong></span> <span class='ocrx_word' id='word_1_308' title='bbox 1803 3403 1950 3462; x_wconf 78' lang='lat' dir='ltr'><strong>sunt</strong></span> 
     </span>
     <span class='ocr_line' id='line_1_31' title="bbox 379 3492 1945 3584; baseline 0.003 -26"><span class='ocrx_word' id='word_1_309' title='bbox 379 3492 772 3560; x_wconf 77' lang='lat' dir='ltr'><strong>minutissimi</strong></span> <span class='ocrx_word' id='word_1_310' title='bbox 853 3494 1204 3574; x_wconf 84' lang='lat' dir='ltr'><strong>Tarentini,</strong></span> <span class='ocrx_word' id='word_1_311' title='bbox 1291 3493 1396 3562; x_wconf 78' lang='lat' dir='ltr'><strong>vel</strong></span> <span class='ocrx_word' id='word_1_312' title='bbox 1469 3494 1694 3579; x_wconf 81' lang='lat' dir='ltr'><strong>Attici,</strong></span> <span class='ocrx_word' id='word_1_313' title='bbox 1784 3518 1945 3584; x_wconf 89' lang='lat' dir='ltr'><strong>quos</strong></span> 
     </span>
     <span class='ocr_line' id='line_1_32' title="bbox 379 3589 1990 3683; baseline 0.004 -23"><span class='ocrx_word' id='word_1_314' title='bbox 379 3603 640 3683; x_wconf 83' lang='lat' dir='ltr'><strong>propter</strong></span> <span class='ocrx_word' id='word_1_315' title='bbox 708 3595 1074 3683; x_wconf 71' lang='lat' dir='ltr'><strong>parvitatem</strong></span> <span class='ocrx_word' id='word_1_316' title='bbox 1147 3595 1278 3663; x_wconf 56' lang='lat' dir='ltr'><strong>vix*</strong></span> <span class='ocrx_word' id='word_1_317' title='bbox 1326 3589 1659 3681; x_wconf 74' lang='lat' dir='ltr'><strong>possumus</strong></span> <span class='ocrx_word' id='word_1_318' title='bbox 1733 3596 1990 3683; x_wconf 80' lang='lat' dir='ltr'><strong>digitis</strong></span> 
     </span>
     <span class='ocr_line' id='line_1_33' title="bbox 273 3695 1944 3787; baseline 0.004 -27"><span class='ocrx_word' id='word_1_319' title='bbox 273 3695 286 3706; x_wconf 88' lang='lat'><em>&#39;</em></span> <span class='ocrx_word' id='word_1_320' title='bbox 378 3701 678 3777; x_wconf 80' lang='lat' dir='ltr'><strong>tractare,</strong></span> <span class='ocrx_word' id='word_1_321' title='bbox 709 3695 1048 3784; x_wconf 72' lang='lat' dir='ltr'><strong>&#39;occupare</strong></span> <span class='ocrx_word' id='word_1_322' title='bbox 1100 3697 1389 3785; x_wconf 85' lang='lat' dir='ltr'><strong>spatium,</strong></span> <span class='ocrx_word' id='word_1_323' title='bbox 1447 3698 1623 3787; x_wconf 83' lang='lat' dir='ltr'><strong>quod</strong></span> <span class='ocrx_word' id='word_1_324' title='bbox 1666 3699 1944 3766; x_wconf 80' lang='lat' dir='ltr'><strong>centenis</strong></span> 
     </span>
    </p>
   </div>
   <div class='ocr_carea' id='block_1_9' title="bbox 239 3793 1943 3886">
    <p class='ocr_par' dir='ltr' id='par_1_10' title="bbox 239 3793 1943 3886">
     <span class='ocr_line' id='line_1_34' title="bbox 239 3793 1943 3886; baseline 0.005 -26"><span class='ocrx_word' id='word_1_325' title='bbox 239 3817 260 3829; x_wconf 60' lang='lat'>⁵</span> <span class='ocrx_word' id='word_1_326' title='bbox 351 3793 688 3863; x_wconf 83' lang='lat' dir='ltr'><strong>&#39;similibus</strong></span> <span class='ocrx_word' id='word_1_327' title='bbox 754 3796 1092 3879; x_wconf 84' lang='lat' dir='ltr'><strong>sufficeret,</strong></span> <span class='ocrx_word' id='word_1_328' title='bbox 1155 3800 1494 3868; x_wconf 81' lang='lat' dir='ltr'><strong>accedente</strong></span> <span class='ocrx_word' id='word_1_329' title='bbox 1556 3802 1741 3867; x_wconf 86' lang='lat' dir='ltr'><strong>etiam</strong></span> <span class='ocrx_word' id='word_1_330' title='bbox 1807 3804 1943 3886; x_wconf 75' lang='lat' dir='ltr'><strong>qius</strong></span> 
     </span>
    </p>
   </div>
   <div class='ocr_carea' id='block_1_10' title="bbox 255 3898 1948 3992">
    <p class='ocr_par' dir='ltr' id='par_1_11' title="bbox 255 3898 1948 3992">
     <span class='ocr_line' id='line_1_35' title="bbox 255 3898 1948 3992; baseline 0.004 -31"><span class='ocrx_word' id='word_1_331' title='bbox 255 3917 268 3924; x_wconf 91' lang='grc'><em>·</em></span> <span class='ocrx_word' id='word_1_332' title='bbox 367 3898 655 3980; x_wconf 75' lang='lat' dir='ltr'><strong>jacttuae</strong></span> <span class='ocrx_word' id='word_1_333' title='bbox 692 3899 995 3985; x_wconf 86' lang='lat' dir='ltr'><strong>periculo,</strong></span> <span class='ocrx_word' id='word_1_334' title='bbox 1039 3898 1096 3967; x_wconf 88' lang='lat' dir='ltr'><strong>si</strong></span> <span class='ocrx_word' id='word_1_335' title='bbox 1138 3919 1386 3969; x_wconf 86' lang='lat' dir='ltr'><strong>carcere</strong></span> <span class='ocrx_word' id='word_1_336' title='bbox 1428 3910 1555 3992; x_wconf 83' lang='lat' dir='ltr'><strong>tam</strong></span> <span class='ocrx_word' id='word_1_337' title='bbox 1596 3903 1748 3970; x_wconf 83' lang='lat' dir='ltr'><strong>laxo</strong></span> <span class='ocrx_word' id='word_1_338' title='bbox 1785 3919 1948 3988; x_wconf 16' lang='lat' dir='ltr'><strong>,con-</strong></span> 
     </span>
    </p>
   </div>
   <div class='ocr_carea' id='block_1_11' title="bbox 33 5473 504 5600">
    <p class='ocr_par' dir='ltr' id='par_1_12' title="bbox 33 5473 504 5600">
     <span class='ocr_line' id='line_1_36' title="bbox 49 5473 504 5536; baseline 0 -32"><span class='ocrx_word' id='word_1_339' title='bbox 49 5477 58 5526; x_wconf 68' lang='grc' dir='ltr'>ξ</span> <span class='ocrx_word' id='word_1_340' title='bbox 191 5485 260 5536; x_wconf 58' lang='grc'>“-;.</span> <span class='ocrx_word' id='word_1_341' title='bbox 325 5477 390 5502; x_wconf 62' lang='grc' dir='ltr'><strong>-υ</strong></span> <span class='ocrx_word' id='word_1_342' title='bbox 427 5473 504 5504; x_wconf 67' lang='grc' dir='ltr'><strong>ε’·ι.</strong></span> 
     </span>
     <span class='ocr_line' id='line_1_37' title="bbox 33 5475 282 5600; baseline 0 0"><span class='ocrx_word' id='word_1_343' title='bbox 33 5475 412 5600; x_wconf 39' lang='lat' dir='ltr'><strong>Aa</strong></span> 
     </span>
    </p>
   </div>
   <div class='ocr_carea' id='block_1_12' title="bbox 2003 2575 3578 2876">
    <p class='ocr_par' dir='ltr' id='par_1_13' title="bbox 2013 2575 3578 2876">
     <span class='ocr_line' id='line_1_38' title="bbox 2013 2575 3578 2672; baseline -0.003 -20"><span class='ocrx_word' id='word_1_344' title='bbox 2013 2594 2082 2652; x_wconf 85' lang='lat' dir='ltr'><strong>ut</strong></span> <span class='ocrx_word' id='word_1_345' title='bbox 2132 2604 2247 2652; x_wconf 88' lang='lat' dir='ltr'><strong>eos</strong></span> <span class='ocrx_word' id='word_1_346' title='bbox 2301 2585 2477 2672; x_wconf 66' lang='lat' dir='ltr'><strong>prior</strong></span> <span class='ocrx_word' id='word_1_347' title='bbox 2521 2575 2783 2650; x_wconf 82' lang='lat' dir='ltr'><strong>divisio</strong></span> <span class='ocrx_word' id='word_1_348' title='bbox 2794 2602 3090 2650; x_wconf 87' lang='lat' dir='ltr'><strong>coercere</strong></span> <span class='ocrx_word' id='word_1_349' title='bbox 3130 2583 3363 2668; x_wconf 86' lang='lat' dir='ltr'><strong>possit,</strong></span> <span class='ocrx_word' id='word_1_350' title='bbox 3422 2602 3578 2669; x_wconf 86' lang='lat' dir='ltr'><strong>quo·</strong></span> 
     </span>
     <span class='ocr_line' id='line_1_39' title="bbox 2003 2782 3578 2876; baseline -0.003 -19.971"><span class='ocrx_word' id='word_1_351' title='bbox 2003 2787 2230 2858; x_wconf 77' lang='lat' dir='ltr'><strong>omissi</strong></span> <span class='ocrx_word' id='word_1_352' title='bbox 2272 2788 2495 2856; x_wconf 85' lang='lat' dir='ltr'><strong>seriem</strong></span> <span class='ocrx_word' id='word_1_353' title='bbox 2544 2786 2943 2876; x_wconf 83' lang='lat' dir='ltr'><strong>perturbant,</strong></span> <span class='ocrx_word' id='word_1_354' title='bbox 2999 2782 3186 2852; x_wconf 85' lang='lat' dir='ltr'><strong>facile</strong></span> <span class='ocrx_word' id='word_1_355' title='bbox 3239 2793 3422 2853; x_wconf 81' lang='lat' dir='ltr'><strong>extra</strong></span> <span class='ocrx_word' id='word_1_356' title='bbox 3472 2798 3578 2852; x_wconf 82' lang='lat' dir='ltr'><strong>or·</strong></span> 
     </span>
    </p>
   </div>
   <div class='ocr_carea' id='block_1_13' title="bbox 2011 2986 3637 3178">
    <p class='ocr_par' dir='ltr' id='par_1_14' title="bbox 2011 2986 3637 3176">
     <span class='ocr_line' id='line_1_40' title="bbox 2011 2986 3612 3107; baseline -0.002 -47"><span class='ocrx_word' id='word_1_357' title='bbox 2011 2992 2170 3060; x_wconf 84' lang='lat' dir='ltr'><strong>areis</strong></span> <span class='ocrx_word' id='word_1_358' title='bbox 2243 2991 2576 3060; x_wconf 82' lang='lat' dir='ltr'><strong>instructas</strong></span> <span class='ocrx_word' id='word_1_359' title='bbox 2616 2993 2916 3107; x_wconf 83' lang='lat' dir='ltr'><strong>possunt</strong></span> <span class='ocrx_word' id='word_1_360' title='bbox 2987 2986 3242 3054; x_wconf 80' lang='lat' dir='ltr'><strong>differri.</strong></span> <span class='ocrx_word' id='word_1_361' title='bbox 3316 2988 3612 3075; x_wconf 87' lang='lat' dir='ltr'><strong>Atque.</strong></span> 
     </span>
     <span class='ocr_line' id='line_1_41' title="bbox 2011 3047 3637 3178; baseline -0.003 -18"><span class='ocrx_word' id='word_1_362' title='bbox 2011 3094 2170 3178; x_wconf 73' lang='lat' dir='ltr'><strong>haec</strong></span> <span class='ocrx_word' id='word_1_363' title='bbox 2232 3092 2342 3160; x_wconf 83' lang='lat' dir='ltr'><strong>lex</strong></span> <span class='ocrx_word' id='word_1_364' title='bbox 2397 3102 2524 3159; x_wconf 87' lang='lat' dir='ltr'><strong>tam</strong></span> <span class='ocrx_word' id='word_1_365' title='bbox 2589 3091 2657 3157; x_wconf 85' lang='lat' dir='ltr'><strong>iu</strong></span> <span class='ocrx_word' id='word_1_366' title='bbox 2710 3092 2872 3158; x_wconf 79' lang='lat' dir='ltr'><strong>serie</strong></span> <span class='ocrx_word' id='word_1_367' title='bbox 2922 3109 3254 3158; x_wconf 87' lang='lat' dir='ltr'><strong>numorum</strong></span> <span class='ocrx_word' id='word_1_368' title='bbox 3311 3047 3576 3170; x_wconf 79' lang='lat' dir='ltr'><strong>urbium,</strong></span> <span class='ocrx_word' id='word_1_369' title='bbox 3608 3145 3637 3162; x_wconf 87' lang='grc'><strong>,.</strong></span> 
     </span>
    </p>
   </div>
   <div class='ocr_carea' id='block_1_14' title="bbox 2012 3191 3579 3384">
    <p class='ocr_par' dir='ltr' id='par_1_15' title="bbox 2012 3191 3579 3384">
     <span class='ocr_line' id='line_1_42' title="bbox 2012 3191 3579 3284; baseline -0.003 -23"><span class='ocrx_word' id='word_1_370' title='bbox 2012 3191 2427 3284; x_wconf 74' lang='lat' dir='ltr'><strong>populorum,</strong></span> <span class='ocrx_word' id='word_1_371' title='bbox 2510 3195 2757 3278; x_wconf 79' lang='lat' dir='ltr'><strong>regum,</strong></span> <span class='ocrx_word' id='word_1_372' title='bbox 2816 3213 3018 3279; x_wconf 91' lang='lat' dir='ltr'><strong>quam</strong></span> <span class='ocrx_word' id='word_1_373' title='bbox 3086 3193 3156 3258; x_wconf 89' lang='lat' dir='ltr'><strong>in</strong></span> <span class='ocrx_word' id='word_1_374' title='bbox 3231 3210 3334 3272; x_wconf 88' lang='lat' dir='ltr'><strong>ea,</strong></span> <span class='ocrx_word' id='word_1_375' title='bbox 3405 3207 3579 3282; x_wconf 82' lang='lat' dir='ltr'><strong>quae</strong></span> 
     </span>
     <span class='ocr_line' id='line_1_43' title="bbox 2012 3273 3575 3384; baseline -0.006 -16"><span class='ocrx_word' id='word_1_376' title='bbox 2012 3297 2438 3384; x_wconf 78' lang='lat' dir='ltr'><strong>Augustorum</strong></span> <span class='ocrx_word' id='word_1_377' title='bbox 2486 3314 2737 3361; x_wconf 89' lang='lat' dir='ltr'><strong>.numos</strong></span> <span class='ocrx_word' id='word_1_378' title='bbox 2810 3293 3278 3382; x_wconf 74' lang='lat' dir='ltr'><strong>complectitur,</strong></span> <span class='ocrx_word' id='word_1_379' title='bbox 3363 3273 3575 3359; x_wconf 84' lang='lat' dir='ltr'><strong>locum</strong></span> 
     </span>
    </p>
   </div>
   <div class='ocr_carea' id='block_1_15' title="bbox 2003 3371 3731 3583">
    <p class='ocr_par' dir='ltr' id='par_1_16' title="bbox 2003 3371 3731 3583">
     <span class='ocr_line' id='line_1_44' title="bbox 2012 3371 3731 3500; baseline -0.003 -35"><span class='ocrx_word' id='word_1_380' title='bbox 2012 3397 2219 3500; x_wconf 80' lang='lat' dir='ltr'><strong>habet.</strong></span> <span class='ocrx_word' id='word_1_381' title='bbox 2308 3396 2452 3488; x_wconf 83' lang='lat' dir='ltr'><strong>Hac</strong></span> <span class='ocrx_word' id='word_1_382' title='bbox 2500 3393 2773 3466; x_wconf 86' lang='lat' dir='ltr'><strong>ratione</strong></span> <span class='ocrx_word' id='word_1_383' title='bbox 2845 3381 3000 3468; x_wconf 70' lang='lat' dir='ltr'><strong>oiim</strong></span> <span class='ocrx_word' id='word_1_384' title='bbox 3070 3414 3353 3477; x_wconf 85' lang='lat' dir='ltr'><strong>museum</strong></span> <span class='ocrx_word' id='word_1_385' title='bbox 3425 3393 3579 3460; x_wconf 85' lang='lat' dir='ltr'><strong>Cae-</strong></span> <span class='ocrx_word' id='word_1_386' title='bbox 3682 3371 3731 3468; x_wconf 57' lang='lat'><strong>,⁵</strong></span> 
     </span>
     <span class='ocr_line' id='line_1_45' title="bbox 2003 3487 3583 3583; baseline -0.003 -15"><span class='ocrx_word' id='word_1_387' title='bbox 2003 3490 2254 3568; x_wconf 77' lang='lat' dir='ltr'><strong>-sareu&#39;m</strong></span> <span class='ocrx_word' id='word_1_388' title='bbox 2322 3517 2461 3568; x_wconf 87' lang='lat' dir='ltr'><strong>non</strong></span> <span class='ocrx_word' id='word_1_389' title='bbox 2518 3487 2762 3577; x_wconf 78' lang='lat' dir='ltr'><strong>modo,</strong></span> <span class='ocrx_word' id='word_1_390' title='bbox 2833 3494 3007 3583; x_wconf 90' lang='lat' dir='ltr'><strong>quod</strong></span> <span class='ocrx_word' id='word_1_391' title='bbox 3079 3490 3162 3561; x_wconf 87' lang='lat' dir='ltr'><strong>ad</strong></span> <span class='ocrx_word' id='word_1_392' title='bbox 3234 3495 3583 3563; x_wconf 81' lang='lat' dir='ltr'><strong>universam</strong></span> 
     </span>
    </p>
   </div>
   <div class='ocr_carea' id='block_1_16' title="bbox 2009 3595 3681 3988">
    <p class='ocr_par' dir='ltr' id='par_1_17' title="bbox 2009 3595 3681 3988">
     <span class='ocr_line' id='line_1_46' title="bbox 2011 3595 3580 3687; baseline -0.001 -22"><span class='ocrx_word' id='word_1_393' title='bbox 2011 3602 2147 3682; x_wconf 77' lang='lat' dir='ltr'><strong>eJus</strong></span> <span class='ocrx_word' id='word_1_394' title='bbox 2212 3595 2725 3686; x_wconf 64' lang='lat' dir='ltr'><strong>dsspositionem,</strong></span> <span class='ocrx_word' id='word_1_395' title='bbox 2800 3595 2916 3662; x_wconf 87' lang='lat' dir='ltr'><strong>sed</strong></span> <span class='ocrx_word' id='word_1_396' title='bbox 2974 3595 3196 3675; x_wconf 73' lang='lat' dir='ltr'><strong>efiam,</strong></span> <span class='ocrx_word' id='word_1_397' title='bbox 3266 3596 3440 3687; x_wconf 90' lang='lat' dir='ltr'><strong>quod</strong></span> <span class='ocrx_word' id='word_1_398' title='bbox 3497 3596 3580 3664; x_wconf 88' lang='lat' dir='ltr'><strong>ad</strong></span> 
     </span>
     <span class='ocr_line' id='line_1_47' title="bbox 2009 3695 3574 3794; baseline -0.001 -28"><span class='ocrx_word' id='word_1_399' title='bbox 2009 3695 2360 3766; x_wconf 72' lang='lat' dir='ltr'><strong>tabularum</strong></span> <span class='ocrx_word' id='word_1_400' title='bbox 2444 3706 2807 3786; x_wconf 83' lang='lat' dir='ltr'><strong>apparatum</strong></span> <span class='ocrx_word' id='word_1_401' title='bbox 2890 3698 3229 3794; x_wconf 49' lang='lat' dir='ltr'><strong>pertinet„</strong></span> <span class='ocrx_word' id='word_1_402' title='bbox 3287 3698 3574 3776; x_wconf 77' lang='lat' dir='ltr'><strong>insu-uxi,</strong></span> 
     </span>
     <span class='ocr_line' id='line_1_48' title="bbox 2011 3788 3681 3888; baseline -0.001 -21"><span class='ocrx_word' id='word_1_403' title='bbox 2011 3819 2215 3887; x_wconf 87' lang='lat' dir='ltr'><strong>neque</strong></span> <span class='ocrx_word' id='word_1_404' title='bbox 2289 3805 2426 3888; x_wconf 83' lang='lat' dir='ltr'><strong>ejus</strong></span> <span class='ocrx_word' id='word_1_405' title='bbox 2504 3822 2606 3867; x_wconf 90' lang='lat' dir='ltr'><strong>me</strong></span> <span class='ocrx_word' id='word_1_406' title='bbox 2648 3795 2919 3867; x_wconf 86' lang='lat' dir='ltr'><strong>-consilii</strong></span> <span class='ocrx_word' id='word_1_407' title='bbox 2988 3798 3323 3870; x_wconf 73' lang='lat' dir='ltr'><strong>multorum</strong></span> <span class='ocrx_word' id='word_1_408' title='bbox 3396 3821 3583 3878; x_wconf 76' lang='lat' dir='ltr'><strong>causa</strong></span> <span class='ocrx_word' id='word_1_409' title='bbox 3676 3788 3681 3793; x_wconf 72' lang='grc'><strong>’</strong></span> 
     </span>
     <span class='ocr_line' id='line_1_49' title="bbox 2013 3899 3291 3988; baseline -0.002 -20"><span class='ocrx_word' id='word_1_410' title='bbox 2013 3899 2493 3972; x_wconf 86' lang='lat' dir='ltr'><strong>commodorum</strong></span> <span class='ocrx_word' id='word_1_411' title='bbox 2532 3900 2834 3969; x_wconf 86' lang='lat' dir='ltr'><strong>hactenus</strong></span> <span class='ocrx_word' id='word_1_412' title='bbox 2862 3900 3205 3988; x_wconf 78' lang='lat' dir='ltr'><strong>poenituit.</strong></span> <span class='ocrx_word' id='word_1_413' title='bbox 3282 3921 3291 3932; x_wconf 31' lang='grc' dir='ltr'><strong>ι</strong></span> 
     </span>
    </p>
   </div>
   <div class='ocr_carea' id='block_1_17' title="bbox 1417 4336 2617 4371">
    <p class='ocr_par' dir='ltr' id='par_1_18' title="bbox 1417 4336 2617 4371">
     <span class='ocr_line' id='line_1_50' title="bbox 1417 4336 2617 4371; baseline 0 1279"><span class='ocrx_word' id='word_1_414' title='bbox 1417 4336 2617 4371; x_wconf 95' lang='lat' dir='ltr'><strong> </strong></span> 
     </span>
    </p>
   </div>
  </div>
 </body>
</html>
