4500 5650
828 516 1003 585 mv
1747 486 2493 583 PRQLEGOMENA
2546 504 3120 607 GENERALIA.

702 684 709 691 ·
782 659 1111 754 legimus
1148 666 1648 752 ΧΑΛΚΟΤΣ,
1703 677 1791 737 et
1826 690 1908 735 ex
1961 668 2090 736 hoc
2153 688 2409 756 compo·
2479 665 3192 745 GAP10N‚·asean=ue
3244 688 3430 744 unus,
3496 662 3724 731 deinde
3779 660 4047 733 ACCA-
4133 649 4142 661 ⁶

718 786 723 793 ’
767 782 777 795 ”
838 771 1024 841 situm
1072 768 1600 861 AIXAAKON,
1645 793 1758 839 seu
1780 778 1935 841 duo
1954 772 2161 865 chalet.
2244 768 2412 837 Vide
2478 766 3081 845 PIA.AY52ve1
3133 770 3394 850 TPIA,
3466 774 3690 835 asserii
3714 772 3883 850 ’,ᾱιιο
3947 764 4054 833 vel
4111 822 4120 829 .

702 932 709 941 ,
841 869 1211 989 catalogum,
1257 881 1319 939 et
1362 894 1522 961 quae
1559 872 1661 943 de
1670 872 1799 943 hoc
1826 896 2155 941 numorum
2182 878 2412 960 genere
2476 883 2654 963 ms,
2677 867 2945 957 denique
2988 868 3474 939 AGGAPION.
3497 871 3838 940 HMIGT.
3869 891 4051 936 assa-

840 974 908 1042 in
952 982 1218 1043 moneta
1257 972 1633 1043 Antiochiae
1680 977 1906 1059 Syriae
1948 976 2322 1047 notabimus.
2475 980 2606 1040 rius
2684 977 2977 1043 dinzideoe.
3101 972 3319 1058 'Hujus
3381 972 3748 1061 postremi
3759 970 4056 1038 meminit
4119 1051 4126 1055 g

798 1072 845 1087 '⁴‘
899 1129 911 1139 .
1010 1077 1344 1143 Praetereo
1421 1080 1694 1161 λεπτον,
1766 1078 1972 1145 chalci
2028 1088 2274 1168 partem
2307 1070 2413 1144 sess
2480 1074 2665 1159 etiam
2733 1073 3072 1157 Polybius,
3147 1096 3338 1141 cum
3361 1083 3577 1142 narrat
3589 1072 3676 1161 ¹¹),
3734 1069 4051 1171 'hospites

840 1180 1123 1267 ptimam,
1197 1178 1445 1267 aliaque
1519 1180 1756 1246 minimi
1818 1180 2061 1248 ‘valoris
2134 1181 2412 1262 nomina,
2479 1177 2548 1243 in
2579 1154 2762 1245 Italia
2782 1168 3250 1292 peregrinantes
3291 1177 3358 1243 in
3382 1175 3580 1267 diem
3583 1172 4072 1265 ἡμιασσαριθυ,-

844 1282 993 1398 quia
1040 1278 1242 1347 numis
1305 1282 1606 1369 inscripta
1669 1304 1804 1349 non
1863 1284 2285 1371 reperiuntur,
2351 1291 2418 1349 et
2480 1300 2616 1346 asse
2678 1283 2948 1361 diutidio,
3019 1279 3260 1363 vivere,
3289 1256 3658 1366 additque,
3729 1296 3929 1344 τουτο
3982 1278 4058 1344 δε

844 1384 955 1477 qui
996 1380 1154 1449 haec
1196 1405 1390 1450 nosse
1433 1382 1677 1467 volent,
1753 1394 1967 1472 petere
2021 1395 2290 1474 possunt
2332 1405 2417 1451 ex
2483 1387 2620 1448 ton
2664 1403 2980 1473 τετᾳρτον
3018 1404 3216 1468 μερος
3255 1378 3540 1467 ὀβολου,
3601 1383 3697 1447 hic
3751 1398 3890 1449 vm
3933 1383 4055 1464 (se-

843 1486 937 1553 rei
977 1475 1358 1581 monetariae
1408 1488 1636 1553 veteris
1684 1488 2023 1575 magistris,
2096 1488 2205 1578 qui
2252 1487 2418 1555 hanc
2482 1480 2734 1565 missis)
2797 1486 2955 1550 valet
3007 1496 3287 1570 quartam
3340 1495 3582 1569 partem
3653 1484 3824 1565 oboli.
3943 1484 4058 1548 Ts-

844 1574 1085 1677 partem
1126 1609 1210 1654 ex
1251 1578 1586 1676 proposito
1631 1599 2067 1675 tractaverunt.
2176 1627 2181 1631 ·
2482 1598 2890 1674 τρασσᾱρου,
2935 1584 3070 1654 sive
3107 1593 3275 1654 numi
3308 1600 3565 1672 quatuor
3597 1592 3828 1653 assium
3850 1578 4059 1653 Nero·

744 1696 759 1743 ;
1018 1693 1670 1783 Assar-sus,G1-aeois
1731 1690 2082 1777 ἀσσᾳριον,
2152 1700 2417 1759 tractum
2482 1687 2585 1754 nis
2639 1688 2743 1756 vel
2802 1688 3059 1772 Trajani
3124 1688 3404 1757 meminit
3467 1687 3672 1755 obiter
3730 1687 4060 1775 Epictetus

796 1812 805 1817 “
849 1814 932 1860 ex
969 1792 1335 1861 Latinorum
1374 1768 1550 1877 asse,
1606 1796 1714 1912 qui
1767 1806 1832 1862 et
1879 1801 2149 1863 assarum
2192 1778 2416 1860 dic'tus.
2483 1785 2684 1877 apud·
2716 1786 3149 1878 Arrianum'),
3226 1814 3353 1880 quo
3405 1788 3579 1861 haud
3638 1788 3829 1856 dubie
3877 1787 4058 1855 intel-

846 1894 1195 1981 Ασσαριου
1249 1905 1453 1963 autem
1496 1894 1753 1964 nomine
1793 1898 2178 1966 intellectum
2225 1898 2418 1963 Grae·
2482 1889 2760 1977 ligantur
2811 1893 2982 1959 numi
3041 1892 3271 1965 horum
3325 1895 3773 2010 imperatorum
3825 1893 3876 1960 Ι.
3928 1891 4058 1961 for·

848 1997 939 2063 cis
994 1992 1360 2065 Latinorum
1410 2021 1647 2083 assem,
1712 2002 1985 2089 arguitur
2038 2021 2121 2067 ex
2165 1986 2416 2066 collatis
2483 2002 2651 2076 mae,
2730 2001 2801 2060 ιιι
2863 1992 3204 2082 aliquando
3278 1994 3647 2089 explicatius
3723 1996 3792 2065 in
3854 1994 4060 2065 numia

719 2118 731 2128 ’
847 2099 1167 2188 utriusque
1206 2100 1458 2186 linguae
1506 2104 1941 2190 scriptoribus.
2030 2100 2198 2167 Nam
2241 2100 2420 2191 quod
2483 2094 2767 2163 Neronis
2824 2094 3208 2162 docebimus.

800 2212 813 2226 ’
849 2198 931 2267 de
977 2200 1247 2267 Camillo
1302 2201 1547 2270 dixerat
1600 2203 1813 2271 Livius
1824 2210 1910 2284 ⁸):
1978 2205 2193 2270 absens
2248 2226 2417 2288 qnm-
2649 2194 2947 2273 Khellius
3037 2207 3257 2265 noster
3336 2198 3405 2264 in
3477 2148 3914 2286 Adpendicula
3971 2197 4059 2265 Π,

848 2308 1034 2371 decim
1063 2306 1343 2403 afflue
1356 2300 1569 2388 'gravis
1609 2313 1771 2371 aer-is
1810 2310 2150 2381 damnatur,
2193 2298 2265 2368 id
2294 2311 2417 2369 est:
2485 2294 2552 2385 Ρ.
2592 2302 2686 2367 14.
2733 2298 2816 2364 de
2852 2298 3156 2367 Chiorum
3201 2299 3401 2371 obolo
3439 2310 3514 2369 et
3554 2300 3807 2368 assariis
3844 2321 4059 2387 agens,

777 2396 785 2407 ’
850 2386 1114 2472 totidem
1178 2405 1452 2488 assibus,
1527 2404 1705 2472 dixit
1750 2398 2146 2473 Plutarchus.
2232 2428 2421 2493 τιμη-
2489 2382 2801 2477 contentis
2847 2401 3137 2469 omnibus
3181 2401 3281 2469 his
3325 2403 3561 2485 numiS,
3613 2405 3744 2497 qui
3791 2404 3915 2471 sibi
3963 2404 4060 2471 in-

847 2532 949 2593 μα
989 2530 1247 2592 μυριων
1288 2530 1401 2573 και
1440 2510 1969 2594 πεντακισχιλοων
2007 2505 2421 2594 ἀσσαριων“).
2488 2512 2789 2597 ιιοιιιθιθ,
2896 2525 3238 2593 eorumque
3322 2506 3658 2596 explorato
3749 2505 4063 2597 pondere,

852 2607 987 2678 Sed
1029 2608 1112 2676 de
1136 2608 1374 2675 assarii
1415 2608 1637 2703 valore
1674 2609 1851 2697 apud
1889 2610 2188 2691 Graecos,
2234 2620 2298 2677 et
2339 2608 2423 2677 ad
2490 2628 2630 2675 cum
2672 2604 2885 2674 istud
2899 2608 3158 2699 nimium
3212 2606 3470 2685 diffene
3513 2606 3802 2692 videret,
3863 2608 4064 2679 tabel-

771 2732 774 2753 2
854 2732 1081 2778 numos
1137 2709 1301 2778 alios
1357 2702 1604 2781 ratione
1656 2711 1803 2799 lege·
1852 2711 2256 2779 disserentem
2313 2712 2421 2783 Cl.
2489 2706 2615 2774 lam
2658 2700 3023 2797 proposuit,
3084 2730 3209 2797 qua
3248 2711 3524 2799 probare
3571 2730 3900 2811 aggressus
3942 2721 4062 2795 est,
4163 2728 4176 2735 “

853 2813 1091 2904 Dupuy
1107 2811 1169 2898 ¹).
1263 2875 1268 2879 .
1444 2877 1451 2882 ,
2479 2808 2794 2908 Chiorum
2853 2811 3182 2910 assarium,
3254 2812 3520 2902 perinde
3585 2821 3774 2902 atque
3829 2810 4061 2882 Roma·

888 2925 895 2934 ‘
1027 2917 1184 2984 Cum
1248 2911 1715 2986 Romanorum
1742 2917 2014 2986 ussarius
2076 2917 2262 2986 fuerit
2319 2928 2422 2986 ae·
2492 2903 2718 2986 norum
2759 2907 2994 2996 assem,
3059 2936 3175 3003 per
3229 2914 3462 3000 gradus
3517 2916 3824 3005 quosdam
3868 2916 4063 2984 demi·

855 3039 1063 3102 neus,
1097 3018 1455 3087 verisimile
1476 3027 1588 3088 est
1638 3007 1854 3103 e'tiam,
1910 3022 2184 3088 assarios
2231 3022 2423 3088 Grae·
2490 3002 2820 3084 nutionem
2855 3038 3136 3105 passum.
3205 3018 3486 3102 Vereor,
3532 3030 3600 3088 ut
3629 3020 3738 3088 'vir
3779 3017 4064 3090 cruditus

855 3131 1103 3208 corum,
1188 3122 1297 3211 qui
1360 3122 1737 3200 vocabulum
1802 3123 1965 3192 illud
2030 3125 2098 3188 in
2148 3124 2423 3211 linguam
2490 3119 2674 3187 hoc
2702 3120 3041 3191 tentamine
3138 3117 3419 3210 dignum
3481 3144 3712 3242 operae
3794 3123 4062 3194 fructum

853 3245 1028 3291 suam
1071 3224 1489 3321 transtulere;
1537 3246 1671 3291 non
1712 3221 1936 3306 fuisse,
1993 3226 2117 3291 nisi
2168 3249 2424 3310 aeneos,
2489 3222 2719 3290 ιιιὶθιίι.
2807 3223 2884 3292 Ιιι
2925 3209 3056 3290 hoc
3096 3224 3261 3309 enim
3306 3228 3591 3294 examine
3635 3236 3732 3296 ut
3745 3235 3882 3294 tuto
3909 3248 4056 3320 pro·
4147 3241 4154 3246 ·

828 3325 1187 3417 «praecipue
1256 3317 1397 3394 cum
1464 3319 1544 3393 ab
1619 3348 1699 3392 eo
1759 3336 2075 3414 tempore,
2147 3348 2230 3394 ex
2296 3350 2425 3415 quo
2495 3323 2636 3391 cedi
2674 3325 2917 3412 possit,
2981 3347 3238 3395 necesse
3281 3340 3428 3397 ante
3472 3329 3683 3400 omnia
3722 3327 3917 3413 foret,
3976 3329 4062 3398 de

834 3426 1086 3492 Graeci
1159 3424 1288 3493 hoc
1369 3428 1685 3508 vocabulo
1767 3428 1860 3494 uti
1932 3447 2230 3516 coepere,
2316 3431 2436 3498 vix
2494 3428 2767 3514 cujusvis
2805 3429 2983 3499 numi
3021 3450 3142 3502 nos
3185 3452 3326 3500 esse
3368 3442 3568 3527 aetate
3609 3442 3840 3516 certos,
3887 3431 4062 3522 quod

774 3575 779 3580 -
858 3526 1126 3617 amplius
1211 3530 1281 3596 in
1366 3532 1631 3602 Graecia
1714 3531 1887 3616 numi
1987 3531 2133 3614 alii,
2240 3555 2429 3621 quam
2493 3530 2707 3619 utique
2768 3554 2810 3599 a
2860 3534 3061 3602 numis
3137 3535 3312 3604 omni
3381 3547 3537 3604 nota
3610 3533 4063 3640 chronologica
4129 3541 4136 3552 '

859 3632 1068 3713 aenei,
1144 3632 1276 3698 cusi
1342 3632 1584 3702 fuerint.
1699 3609 2090 3702 Memor-atur
2153 3635 2337 3703 etiam
2389 3659 2429 3703 a
2495 3634 2833 3718 destitutis,
2922 3633 3116 3723 cujus
3166 3638 3411 3724 generis
3492 3649 3674 3724 sunt
3711 3660 3962 3726 omnes
3993 3639 4064 3710 hi
4187 3641 4194 3650 “

856 3734 1274 3819 grammaticis
1349 3738 1618 3805 assarius
1687 3743 2071 3838 argenteus,
2138 3714 2257 3806 sed
2323 3736 2428 3805 vel
2491 3737 2882 3840 ponderum
2908 3740 3115 3824 numi,
3178 3739 3472 3808 obtineri
3523 3742 3760 3858 nequit.
3859 3741 4060 3812 Acce·

856 3835 1056 3903 instar
1097 3835 1428 3925 ponderis,
1482 3840 1587 3908 vel
1640 3859 1780 3915 cum
1834 3837 2151 3929 respectu
2166 3840 2249 3906 ad
2284 3861 2424 3907 mo·
2495 3841 2625 3925 dit,
2680 3840 2876 3930 quod
2909 3843 3246 3928 monetarii
3305 3854 3588 3928 veteres,
3656 3845 3767 3935 qui
3807 3841 3944 3934 jam
3993 3845 4066 3912 in

788 4017 795 4028 ι
857 3947 1066 4005 netam
1134 3930 1586 4013 Romanorum.
1664 3941 1840 4010 Vide
1905 3941 2223 4013 laudatum
2293 3943 2430 4010 Du·
2468 3945 2820 4032 exigendis
2885 3945 2974 4012 ad
3017 3948 3260 4036 justum
3328 3940 3581 4036 pondus
3646 3947 3882 4016 nobilis
3934 3968 4062 4014 me.

794 4051 803 4064 '
856 4060 1008 4128 puy.
1101 4040 1425 4127 Ceterum,
1498 4054 1569 4112 ut
1638 4045 1706 4112 ίιι
1777 4043 2067 4132 catalogo
2134 4045 2423 4130 vidimus,
2492 4046 2631 4113 talli
2685 4048 2887 4116 numis
2945 4069 3165 4136 parum
3216 4070 3405 4137 saepe
3469 4050 3644 4132 fuere
3707 4050 4062 4138 diligentes,

741 4179 755 4236 ;
850 4139 1077 4211 assarii
1145 4164 1379 4214 nomen
1445 4148 1601 4215 solis
1668 4149 1907 4231 aeneis,
1980 4159 2046 4215 et
2115 4149 2426 4256 Chiorum
2493 4145 2689 4216 mul'to
2735 4148 2938 4216 minus
2980 4145 3301 4238 religionis
3359 4151 3449 4220 ad
3507 4153 3846 4236 feriundos
3873 4158 4055 4240 justo

828 4245 843 4260 ²
856 4241 1124 4332 tantum,
1166 4250 1557 4339 inscriptum
1590 4249 1874 4339 ’1θείιιιι,
1943 4249 2243 4320 nimirum
2281 4254 2423 4320 ΛΟ·
2449 4251 2798 4374 pondere
2817 4273 3050 4320 aeneos
3093 4253 3371 4376 attulere.

3493 4395 3630 4424 :-....

993 4482 1052 4553 g)
1090 4488 1144 4539 L.
1182 4489 1239 4543 V.
1276 4509 1321 4544 c.
1356 4490 1442 4544 32.
1576 4487 1687 4556 h)
1669 4510 1726 4545 ιιι
1760 4483 1838 4566 (Ja
1810 4511 1911 4544 ami
1896 4490 1984 4543 no
2019 4510 2069 4561 p.
2104 4510 2175 4548 m.
2216 4481 2328 4546 135.
2465 4489 2514 4557 ί)
2544 4488 2603 4544 Β.
2641 4489 2800 4556 1..‚T.
2833 4491 3068 4550 XXVIII.
3105 4511 3155 4562 Ρ.
3191 4491 3311 4551 698.
3452 4493 3506 4558 t)
3541 4493 3677 4550 Hist-
3711 4494 3768 4547 1..
3799 4493 3861 4547 11.
3883 4497 4060 4554 1215.

856 4563 908 4636 Ι)
943 4569 999 4626 1..
1034 4571 1118 4627 lv.
1154 4593 1200 4628 e·
1216 4577 1284 4628 5.
1327 4594 1379 4645 Ρ.
1413 4596 1488 4630 ιιι
1520 4572 1639 4630 602.
2495 4585 2506 4596 “
3231 4603 3256 4611 ·
3849 4591 3856 4594 '
4021 4588 4030 4602 ¹
