4500 5650
1643 571 2162 646 CAPVT
2261 577 2445 647 XXI.

558 732 951 805 mattam.
1043 731 1275 801 Nullus
1329 734 1395 801 in
1454 734 1574 801 hac
1627 734 1791 801 aeris
1841 756 2012 817 usus,

434 835 585 920 (de
629 837 1016 902 Graecorum
1072 834 1179 902 hic
1230 844 1484 903 moneta
1538 837 1810 923 agimus,
1881 858 2015 904 non

443 935 535 1002 de
574 936 789 1003 numis
820 932 1042 1005 Italiae
1081 935 1352 1019 mediae,
1406 939 1474 1003 in
1517 960 1640 1026 qua
1683 938 1856 1007 aliud
1900 940 2014 1007 ob·

442 1038 680 1124 tinuit)
725 1051 1046 1125 argentum
1091 1059 1229 1105 cum
1272 1058 1459 1124 auro,
1504 1039 1620 1107 sed
1661 1042 1789 1108 hoc
1830 1042 2011 1108 raris·

444 1140 642 1221 aimo,
708 1140 915 1208 solum
983 1141 1450 1223 dominabatur,
1518 1141 1600 1209 de
1654 1165 1782 1232 quo
1836 1163 2011 1230 argu

440 1252 659 1335 mento
702 1264 894 1330 supra
934 1242 1061 1310 late
1106 1244 1342 1330 egimus
1388 1244 1593 1331 capite
1630 1245 1806 1312 VIII.
1836 1308 1843 1317 ,
1876 1302 1883 1325 ,
1937 1284 1943 1290 -

621 1347 934 1430 hempta>
998 1365 1188 1433 saepe
1251 1344 1443 1411 nulla.
1572 1348 1757 1425 Quae
1797 1342 2013 1413 'causa

442 1455 583 1524 est,
638 1442 747 1512 ctir
798 1446 1008 1514 multis
1048 1447 1237 1532 hujus
1292 1447 1576 1535 epochae
1625 1447 1826 1515 numis
1882 1467 2011 1514 cer·

396 1540 575 1614 ¹tam
643 1548 903 1636 patriam
974 1569 1108 1615 non
1180 1550 1496 1637 possimus
1566 1549 2010 1637 praescribere.

436 1647 615 1715 Vide
659 1650 841 1737 hujus
883 1652 1132 1737 generis
1186 1671 1318 1717 non
1356 1672 1608 1747 'paucos
1663 1650 1831 1738 apud
1874 1649 2013 1716 Pel-

440 1750 769 1831 lerinium,
858 1752 1048 1835 (Rec.
1104 1753 1219 1818 111.
1281 1753 1407 1819 tab.
1470 1750 1714 1837 CXV.)
1799 1760 1864 1817 et
1946 1750 2013 1816 in

396 1850 672 1920 ·1'nuseo
737 1851 1023 1919 Hunteri.
1113 1851 1316 1938 (Tab.
1377 1852 1525 1939 66.)
1614 1852 1770 1919 Cum
1834 1850 2015 1918 adest

294 1977 313 1985 ’
444 1954 814 2043 inscriptio,
857 1953 1144 2042 'simplex
1186 1977 1263 2022 ea
1302 1964 1430 2037 est,
1485 1965 1549 2021 et
1591 1974 1811 2040 parca,
1872 1952 2015 2019 sola

444 2054 624 2122 urhis
674 2056 998 2122 mentione
1051 2065 1397 2137 contenta,·.
1444 2054 1752 2142 nulloque
1797 2055 2015 2121 inscri-

446 2166 569 2245 pto
614 2159 999 2245 magistratu,
1040 2157 1255 2224 aliisve
1297 2157 1546 2224 indiciis
1590 2158 1657 2223 in
1699 2157 2012 2223 inferioris

445 2260 592 2328 aevi
631 2260 886 2327 moneta
929 2257 1157 2327 obviis.
1243 2259 1343 2329 Ea
1382 2257 1487 2324 vel
1528 2252 1700 2325 recta
1742 2267 1868 2339 est,
1910 2256 2016 2324 vel

440 2362 832 2450 ren-ograda,
876 2360 1000 2443 vel,
1053 2381 1238 2447 quam
1279 2359 1789 2448 βουστροφηὸον
1827 2378 2014 2437 voca-

436 2484 619 2545 mus;
708 2462 827 2532 sed
888 2462 943 2531 si
995 2462 1451 2550 posterioribus
1502 2458 1751 2527 duobus
1805 2459 2014 2527 modis

440 2564 793 2656 peragitur,
880 2562 1250 2651 plerumque
1315 2566 1550 2661 tantum
1614 2562 1798 2648 hujus
1832 2583 2012 2649 ‚epo-

440 2668 605 2734 chae
619 2716 639 2750 ,
690 2666 894 2734 mi'nus
939 2664 1296 2752 frequenter
1337 2663 1661 2731 secundae
1692 2666 1809 2729 erit
1849 2663 2012 2729 indi-

440 2767 624 2835 cium.
712 2766 903 2851 Vide,
950 2778 1110 2858 quae
1152 2767 1235 2836 de
1276 2766 1375 2837 his
1417 2767 1625 2856 modis
1667 2766 1851 2856 plara
1890 2763 2015 2849 alia

436 2872 875 2961 praecepimus
917 2892 1109 2962 supra
1152 2873 1356 2960 capite
1397 2848 1607 2941 XVII.

618 2978 951 3042 morarum
991 2977 1226 3057 foma.
1341 2975 1526 3041 Hanc
1579 2981 1722 3062 pete
1776 2994 1860 3041 ex
1911 2996 2011 3041 ca·

431 3075 583 3164 pite
623 3074 803 3146 VIII.
859 3079 890 3155 §
942 3081 1041 3146 10.
1027 3124 1071 3159 .,
1158 3097 1286 3164 quo
1340 3074 1491 3142 loco
1548 3075 2008 3162 antiquissimo-

430 3198 588 3245 rum
655 3175 1071 3246 characterum
1130 3177 1396 3272 formam
1459 3179 1687 3266 pictam
1755 3197 1837 3242 ex
1898 3198 2010 3243 nu·

434 3280 569 3346 mis
608 3278 1039 3346 vetustissimis
1081 3281 1364 3347 stitimus.
1431 3275 1565 3345 Sed
1604 3278 2007 3362 monendum,

440 3377 611 3448 sicut
648 3378 718 3445 in
760 3379 1009 3467 linguis,
1052 3383 1143 3450 ita
1184 3393 1247 3449 et
1289 3383 1357 3458 in
1398 3380 1715 3447 literarum
1759 3380 2010 3447 delectu

441 3491 517 3549 et
568 3481 773 3554 forma
834 3501 1284 3570 nonnunquam
1351 3503 1678 3549 occurrere
1740 3483 2010 3549 archais-

322 3637 329 3643 .
438 3581 627 3667 mus,
660 3605 722 3651 v.
767 3604 827 3671 g.
868 3584 938 3650 in
984 3585 1189 3654 obviis
1234 3584 1543 3656 drachmis
1588 3585 2007 3668 Achaeorum,

444 3707 613 3774 quae
652 3695 821 3779 certe
864 3686 1110 3773 epocha
1136 3677 1201 3752 Ἰ.
1244 3687 1632 3774 posteriores
1685 3689 1859 3768 sunt,
1914 3696 2011 3753 est

441 3786 513 3855 F
561 3805 681 3874 pro
730 3787 826 3868 Φ,
889 3796 953 3853 et
1006 3798 1052 3869 φ
1106 3805 1225 3875 pro
1278 3790 1382 3871 K,
1436 3791 1503 3856 in
1555 3789 1764 3855 aeneis
1816 3788 2011 3855 Athe·

442 3888 752 3957 niensium
791 3889 850 3954 T
851 3887 998 3956 heta
1037 3889 1404 3977 quadratum
1445 3911 1564 3978 pro
1607 3888 1904 3957 rotundo.

619 3993 927 4059 Fabricm'
1074 4009 1083 4016 ’
1584 4063 1587 4070 ,

620 4095 907 4180 Quorum
964 4113 1293 4161 mimorum
1358 4103 1677 4181 argentum
1739 4093 1841 4161 vel
1904 4114 2008 4160 au-

400 4195 582 4265 ‘rum
623 4196 961 4282 globosum
1001 4196 1196 4288 magis
1240 4204 1355 4276 est,
1406 4205 1471 4261 et
1513 4195 2006 4277 crassiusculum,

433 4297 551 4366 vel
590 4297 877 4365 informis
918 4288 1350 4380 rotunditatis,
1406 4295 1453 4360 ii
1492 4296 1858 4386 plerumque
1897 4298 2009 4363 hu-

421 4406 546 4486 jus
596 4409 740 4466 sunt
792 4399 1093 4488 epochae.
1191 4397 1359 4464 Vide
1411 4419 1638 4466 numos
1692 4398 2009 4487 Pelopon·

428 4500 584 4569 nesi
636 4523 774 4582 cum
824 4512 996 4619 typo
1038 4499 1401 4583 testudinis,
1462 4501 1691 4588 Rh‘egii
1734 4501 2008 4570 Bruttio-

361 4607 373 4614 ”
428 4623 645 4686 rum,
677 4603 1140 4716 antiquissimos
1201 4601 1468 4678 Atticos.
1595 4604 1769 4690 Ergo
1834 4601 2011 4692 quod

3386 582 3696 670 cumr·

2078 735 2148 800 in
2232 734 2339 803 his
2420 733 2726 855 volumini
2811 732 3171 852 detrahitur
3171 783 3189 818 ,
3280 747 3647 826 compensat

2078 859 2303 905 massa.

2252 939 2492 1006 Contra
2509 914 2705 1006 fuere
2745 939 3056 1026 regiones,
3101 941 3168 1006 in
3214 962 3471 1028 quarum
3511 962 3645 1007 mo·

2079 1049 2226 1108 neta
2282 1041 2550 1111 orbicuii
2604 1042 2910 1123 tenuitas,
2982 1052 3045 1108 et
3098 1042 3450 1117 rotunditas
3505 1063 3646 1129 per·

2078 1141 2303 1209 fectior
2389 1152 2624 1236 certum
2665 1136 3170 1211 remotissimae
3263 1143 3646 1233 antiquitatis
3743 1196 3773 1249 ·.

2080 1244 2498 1310 characterem
2565 1245 2965 1311 constituunt.
3098 1245 3333 1313 Confer
3401 1264 3645 1311 numos

2078 1345 2574 1427 Syracusarum,
2607 1346 2780 1412 Naxi
2794 1394 2812 1427 ,
2855 1345 3208 1429 Abacaeni‚
3257 1347 3658 1433 aliarumque,

2078 1446 2334 1513 Siciliae
2384 1446 2649 1514 urbium.
2746 1447 2986 1514 Tenuis
3040 1450 3224 1517 etism
3275 1456 3422 1516 sunt
3471 1446 3644 1513 lami·
3687 1508 3692 1515 .

2079 1569 2200 1614 nae
2263 1549 2434 1619 numi
2494 1549 2804 1628 variarum
2861 1548 2957 1615 M.
3015 1549 3317 1619 Graeciae
3371 1547 3645 1628 'ui-bium,

2076 1650 2251 1737 iique
2314 1646 2533 1717 omnes
2596 1651 3026 1732 vetustissimi,
3115 1651 3225 1738 qui
3286 1659 3506 1738 typum
3577 1649 3650 1719 in.

2081 1766 2322 1845 aversa
2340 1752 2626 1823 incusum
2668 1750 2953 1818 offerunt.
3120 1748 3124 1757 '

2254 1852 2641 1933 Quadratum
2692 1853 2958 1935 informe
3012 1854 3176 1940 parti
3235 1873 3492 1920 aversae
3551 1851 3643 1918 in·

2080 1974 2294 2039 cusum
2312 2003 2332 2037 ,
2420 1952 2502 2020 de
2555 1958 2733 2040 cujus
2784 1964 3006 2019 natura
3067 1963 3131 2020 et
3184 1955 3388 2020 causis
3441 1963 3645 2019 actum

2080 2057 2284 2143 capite
2325 2052 2476 2122 XII.
2519 2058 2656 2139 §2.‚
2701 2056 3079 2135 certissimus
3121 2065 3219 2123 est
3260 2055 3444 2140 hujus
3488 2074 3641 2142 epo·

2082 2158 2236 2239 chae
2277 2156 2476 2223 testis.

2249 2257 2425 2344 Typi
2489 2257 2557 2323 in
2619 2267 2796 2344 parte
2841 2245 3063 2326 antica
3128 2268 3451 2326 exstantes
3467 2306 3487 2339 ,
3574 2257 3642 2323 in

2080 2379 2300 2425 aversa
2338 2360 2674 2425 introrsum
2718 2359 2879 2442 cusi,
2926 2362 3032 2448 qui
3073 2360 3334 2441 modus,
3378 2369 3447 2427 ut
3489 2379 3643 2429 mox

2080 2460 2392 2542 dixeram,
2443 2461 2595 2528 1fuit
2656 2462 2915 2528 urbibus
2976 2461 3073 2528 M.
3130 2462 3432 2530 Graeciae
3496 2482 3643 2550 pro·

2064 2562 2284 2649 prius,
2356 2570 2421 2629 et
2485 2562 2567 2628 de
2632 2585 2759 2652 quo
2819 2582 2903 2629 ex
2965 2563 3251 2630 instituto
3308 2573 3525 2649 agetur
3575 2565 3643 2631 in

2079 2654 2546 2749 prolegomenis
2617 2665 2700 2731 ad
2762 2684 2986 2731 numos
3047 2664 3390 2747 Lucaniae,
3441 2666 3642 2732 ‘hanc

2080 2784 2336 2854 quoque
2379 2764 2502 2832 sibi
2544 2765 2853 2852 epocham
2894 2766 3048 2833 sine'
3074 2764 3269 2835 dubio
3299 2761 3639 2856 postulant.

2094 2937 2099 2942 ,
2252 2864 2535 2933 circulus
2580 2876 2835 2934 ornatus
2889 2877 3231 2935 extremum
3270 2873 3443 2938 numi
3482 2894 3642 2944 mar·

2076 2972 2286 3058 ginem
2334 2970 2640 3052 ambiens,
2696 2965 2943 3057 qualem
2997 2992 3188 3060 saepe
3239 2974 3553 3060 videmus
3572 2977 3640 3042 in

2076 3068 2363 3159 gemmis,
2421 3094 2574 3160 quas
2625 3073 2952 3145 Etruscas
2978 3082 3230 3141 vocant.
3326 3053 3452 3141 Hic
3504 3075 3636 3163 ple-

2075 3196 2336 3292 rumque
2377 3175 2751 3262 conspicuus
2804 3183 2902 3241 est
2947 3173 3014 3239 in
3053 3175 3262 3240 numis
3303 3174 3404 3242 Μ.
3447 3178 3639 3244 Grae·

2077 3277 2211 3343 ciae
2262 3277 2530 3358 incusis,
2590 3285 2661 3343 ut
2713 3269 3010 3358 Sybaris,
3076 3275 3404 3360 Crotonis,
3480 3279 3640 3345 Cau·

2074 3378 2318 3460 Ioniae3
2374 3380 2526 3444 item
2577 3373 2965 3458 Pandosiae,
3018 3377 3354 3461 (Pellerin.
3392 3380 3639 3448 Lettres
3705 3367 3754 3412 '⁴'
3817 3339 3822 3344 Ι

2030 3477 2140 3569 'p-
2202 3482 2388 3561 201.)
2472 3479 2767 3560 Tarenti,
2855 3478 3202 3566 (Hunter.)
3285 3481 3354 3548 in
3425 3482 3644 3550 sicilia
3711 3507 3720 3518 .

2077 3581 2290 3662 Naxi,
2362 3583 2873 3664 (Torremuzza.)
2930 3592 2995 3647 et
3049 3584 3251 3651 numis
3301 3582 3641 3654 Messanae

2074 3681 2390 3770 inscriptis
2474 3673 2725 3750 Zancle
2868 3684 3068 3749 Extra
3148 3682 3263 3750 has
3348 3687 3654 3788 regiones

2057 3784 2207 3852 vidi
2280 3783 2467 3850 etiam
2535 3786 2604 3851 in
2674 3805 2871 3851 numo
2938 3785 3178 3852 Barces
3236 3769 3637 3871 Cyrenaicae,

2074 3885 2491 3970 (Pellerin.)
2543 3885 2658 3953 sed
2746 3888 2853 3974 qui
2921 3887 3137 3974 potius
3202 3889 3484 3976 epochae
3553 3890 3642 3982 II.

2076 3986 2338 4057 videtur.

2244 4091 2434 4174 Stilus
2469 4061 2763 4175 picturae.
2811 4137 2818 4146 -

2244 4191 2321 4258 In
2363 4195 2566 4259 numis
2610 4191 3049 4281 antiquissimis
3087 4194 3232 4262 talis
3271 4203 3390 4278 est,
3437 4134 3637 4283 qualis

2075 4316 2219 4361 esse
2262 4294 2479 4363 debuit
2519 4291 2635 4360 illo
2680 4301 2982 4384 tempore,
3030 4295 3205 4383 quod
3247 4316 3472 4363 numos
3514 4295 3637 4363 hos

2074 4396 2418 4483 parturivit.
2532 4398 2814 4464 Tametsi
2895 4415 3185 4484 magnum
3271 4387 3642 4466 observetur

2070 4500 2240 4566 inter
2307 4497 2485 4586 ipsos
2557 4519 2814 4580 numos,
2903 4517 3066 4585 quos
3136 4498 3282 4563 huic
3304 4521 3330 4554 >
3352 4498 3638 4586 epochae

2075 4599 2452 4681 tribuimus,
2510 4599 2875 4683 discrimen,
2942 4598 3084 4666 aliis
3142 4600 3445 4689 picturam
3505 4600 3638 4669 fere

2262 4937 2429 4978 ,N-
