4500 5650
836 506 851 515 ο
928 448 1061 553 'm
1246 488 1253 503 ·
1522 436 1533 477 ²
1860 469 2617 587 PRQLEGOMENA
2668 470 3246 547 GENERAuA

960 608 1221 707 admissi
1298 637 1473 705 numi
1553 635 1830 723 omnium
1879 635 2248 730 nationum,
2327 634 2533 703 omnis
2601 634 2883 703 tractabo
2965 636 3189 703 iterum
3210 683 3230 718 ,
3330 654 3474 711 cum,
3542 650 3722 721 agam
3797 628 3879 696 de
3927 629 4176 715 modo,
4227 691 4248 699 -

834 744 843 751 “
961 740 1234 822 metalli,
1324 749 1387 806 et
1462 739 1668 806 omnis
1730 747 2018 820 naturae,
2105 759 2189 805 ne
2262 737 2536 806 exclusis
2605 738 2713 826 qui
2789 737 2862 811 in
2949 728 3365 828 disponendis
3449 755 3780 805 numerum
3868 729 4179 805 classibus

967 842 1225 935 quidem
1281 842 1691 909 contorniatis
1705 889 1724 923 ‚
1802 843 1910 930 qui
1975 824 2265 907 nimirum
2327 836 2536 908 Nero·
2583 840 2804 928 magis
2875 839 3161 909 videatur
3234 840 3330 908 ad.
3397 860 3616 907 omnes
3699 834 3851 904 artis
3924 845 4185 907 nostrae

604 904 611 913 ⁶
746 962 773 985 ⁴⁵
862 1026 865 1031 ,
961 947 1098 1028 nis,
1163 942 1452 1033 Traiani,
1508 944 1911 1061 nliommque
1970 942 2176 1011 hiatus
2237 952 2537 1033 tegerent.
2607 964 2827 1013 causas
2870 942 3407 1023 adcommodatus.

965 1048 1147 1116 Fecit
1210 1046 1514 1137 explendi
1580 1046 1845 1141 agminis
1911 1034 2248 1164 cupiditas,
2323 1054 2392 1113 ut
2446 1046 2540 1113 in·
3161 1100 3198 1136 ‚
3393 1120 3404 1133 ο
3579 1102 3615 1138 ,

969 1148 1398 1238 dulgentiores
1478 1149 1671 1237 vulgo
1738 1158 1978 1239 essent,
2067 1150 2201 1218 sive
2270 1170 2412 1216 cum
2471 1150 2540 1216 in
3321 1202 3328 1209 .
3372 1146 3418 1213 ¹.

968 1252 1131 1320 illud
1203 1252 1597 1325 admitterent
1674 1273 1935 1352 numos,
2021 1252 2130 1341 qui
2203 1270 2541 1320 aeneorum
2777 1246 3172 1317 Postremum
3222 1250 3350 1318 hoc
3400 1250 3553 1318 loco
3607 1261 3968 1342 opportune
4010 1268 4178 1315 com·
4191 1334 4206 1351 „

966 1357 1019 1423 I.
1062 1353 1306 1422 formae
1344 1354 1600 1422 modum
1643 1375 1776 1422 non
1816 1351 2164 1438 excedunt,
2220 1357 2358 1425 sive
2400 1377 2540 1423 cum
2606 1334 3090 1420 memorabimus
3202 1354 3431 1422 veteris
3546 1368 3839 1425 monetae
3935 1352 4181 1422 ‘vitium

934 1457 1425 1547 'approbarent,
1522 1444 1684 1545 quos
1769 1467 1947 1525 tanto
2027 1456 2213 1526 liberi
2289 1456 2539 1526 adfectu
2597 1450 2929 1538 quoddam
2983 1477 3173 1545 saepe
3222 1479 3358 1526 non
3415 1458 3750 1528 molestum
3789 1455 4019 1540 modo,
4063 1451 4184 1524 scd
4209 1486 4224 1493 ⁶

967 1559 1412 1649 reprobandos
1476 1566 1748 1649 semper
1785 1559 2128 1628 duxissent.
2257 1560 2392 1630 Sed
2457 1583 2539 1628 ne
2607 1563 2673 1622 et
2712 1552 3102 1625 damnosum.
3190 1559 3346 1628 Non
3388 1580 3535 1629 raro
3579 1562 3747 1630 enim
3783 1562 4188 1643 factum,ut

973 1661 1228 1751 quidem
1289 1665 1356 1731 in
1419 1660 1549 1728 hoc
1612 1661 1980 1731 instruendo
2059 1663 2304 1751 agmine
2369 1666 2545 1765 justa
2610 1659 2839 1726 matrix
2893 1665 3132 1748 majore
3194 1673 3364 1731 esset
3417 1664 3765 1749 volumine,
3832 1686 4018 1755 quam
4083 1680 4186 1737 01⁸.-
4263 1750 4288 1757 -

971 1764 1312 1835 voluminis
1351 1765 1515 1833 ratio
1560 1775 1658 1833 εει*
1698 1765 1929 1833 habita.
2022 1766 2192 1833 Nam
2234 1786 2376 1835 cum
2406 1770 2544 1851 jam
2612 1759 2858 1829 biculus
2908 1773 3200 1832 monetae
3229 1765 3565 1836 feriundne
3618 1768 3983 1841 destinatus.
4079 1763 4190 1831 Ex

968 1866 1038 1937 in
1098 1869 1333 1936 numis
1370 1868 1625 1935 maximi
1702 1867 1947 1935 moduli
2006 1878 2302 1956 putentur¹
2372 1869 2546 1936 aurei
2614 1886 2742 1952 quo
2806 1868 3057 1935 evenire
3113 1888 3371 1961 necesse
3432 1869 3582 1953 fuit,
3635 1881 3723 1938 ut
3781 1872 3888 1939 hic
3943 1876 4190 1958 partem

970 1980 1038 2038 et
1096 1970 1407 2071 argentei,
1488 1971 1599 2059 qui
1661 1971 2046 2039 ordinarium
2103 1970 2399 2040 volumen
2468 1992 2545 2037 ac
2610 1975 2888 2035 tantum·
2881 1970 3038 2039 -sive
3079 1974 3221 2061 typi
3259 1964 3397 2040 'sive
3437 1974 3866 2064 inscriptionis
3909 1969 4190 2062 potuerit

840 2054 851 2071 '
968 2055 1225 2162 pondus
1271 2072 1457 2139 etiam
1510 2073 1759 2142 tantillo
1795 2070 2159 2155 Wexcedunt
2225 2084 2333 2143 aut
2384 2090 2541 2161 quo·
2610 2070 2921 2156 recipere,
2982 2072 3192 2142 facta
3276 2074 3440 2143 adeo
3517 2076 3799 2165 partium
3880 2084 4186 2145 extrema·

971 2173 1315 2245 dammodo
1397 2173 1704 2242 accedunt
1777 2173 1860 2242 ad
1946 2173 2274 2257 volumen,
2369 2179 2545 2263 quus
2610 2190 2748 2253 rum
2788 2173 3054 2255 jactura.
3186 2174 3336 2253 Hoc
3374 2178 3529 2245 vitio
3572 2188 3827 2247 moneta
3866 2178 4186 2245 Romano·

926 2299 1123 2344 esse
1173 2275 1386 2343 solent
1427 2277 1599 2341 numi
1626 2268 1822 2344 aenei
1862 2277 1945 2343 Π.
1987 2275 2257 2359 formae,
2327 2286 2547 2365 suapte
2611 2290 2749 2338 rum
2809 2273 3102 2355 immunis
3168 2286 3302 2361 est,
3360 2277 3478 2349 sed
3534 2281 3604 2346 1ιι
3668 2274 3872 2349 nuiiiis
3926 2279 4188 2348 Graeds

974 2387 1176 2467 patet,
1257 2386 1679 2465 quantopere
1695 2378 1762 2444 in
1820 2376 1949 2444 hoc
2004 2378 2291 2446 instituto
2345 2378 2547 2447 diver·
2614 2382 2748 2441 ιιοιι
2798 2377 3015 2495 paucis
3079 2397 3381 2485 perquam
3443 2382 3942 2466 incommodum,
4005 2402 4186 2473 prae-

973 2490 1128 2569 gant
1189 2477 1677 2566 magnitudines,
1763 2489 1828 2547 et
1907 2501 2092 2568 quam
2166 2503 2390 2570 parum
2454 2481 2548 2547 sic
2615 2477 2798 2567 cipue
2890 2480 2957 2544 in
3050 2472 3408 2551 autonomis
3481 2485 3862 2554 Antiochiae
3934 2485 4186 2577 Syriae,

967 2585 1223 2669 juvetur
1296 2580 1550 2663 oculus,
1638 2583 1825 2668 cujus
1875 2592 2097 2650 tamen
2161 2582 2293 2652 fere
2363 2585 2548 2651 unius
2616 2588 2680 2647 et
2737 2579 3208 2652 teti-adrachmis
3257 2607 3473 2674 regum
3528 2587 3850 2671 Parthiae,
3924 2588 3994 2653 in
4048 2587 4186 2676 qui·

978 2706 1181 2753 causa
1221 2683 1343 2751 hae
1410 2682 1623 2751 solent
1689 2686 1887 2753 series
1951 2685 2276 2769 adornari,
2364 2708 2547 2775 quem
2618 2676 2732 2748 bus
2812 2682 3184 2804 plerumque
3268 2690 3538 2757 maxima
3612 2686 3762 2780 pars
3827 2690 4187 2780 inscriptio·

920 2816 959 2841 =
976 2797 1227 2877 praeter
1305 2785 1623 2864 metallum
1689 2785 1903 2876 dispar
1971 2788 2157 2855 etiam
2225 2789 2547 2858 inconcin-
2614 2783 2714 2851 nis
2759 2804 2910 2854 orae
2963 2788 3228 2856 vicinior
3267 2810 3561 2879 pessum
3549 2795 3701 2862 ivit.
3765 2793 4044 2862 Similis
4084 2803 4185 2878 ty-

976 2911 1065 2970 na
1121 2887 1280 2960 hacc
1326 2887 1721 2957 voluminis
1708 2891 1999 2959 varietas
2053 2893 2201 2976 J’ure
2263 2885 2546 2959 offendit.
2613 2906 2841 2974 porum
2902 2890 3178 2975 jactura,
3265 2893 3426 2962 sed
3468 2917 3551 2963 ex
3636 2896 3914 2966 diversa·
3974 2918 4190 2979 causa,

883 3015 887 3019 ·
980 2993 1112 3073 Qui
1178 3013 1388 3061 veram
1464 2989 1749 3080 spectant
1821 3015 1905 3061 ex
1978 2992 2265 3062 collectis
2343 2994 2548 3061 numia
2613 2991 3103 3060 monetariorum
3188 3013 3418 3085 nempe
3503 2997 3915 3088 negligentia,
4032 3021 4192 3090 pro·

977 3094 1293 3164 veteribus
1379 3094 1738 3191 utilitatem,
1854 3095 1987 3182 'has
2071 3095 2207 3164 sive
2289 3096 2549 3180 metalli,
2615 3091 2779 3161 fecta
2840 3099 2968 3180 est,
3054 3117 3194 3163 cum
3257 3097 3326 3165 hi
3354 3101 3361 3110 '
3394 3102 3714 3170 matricem'
3757 3121 3904 3169 mon
3970 3101 4194 3170 medio

976 3198 1115 3266 sive
1158 3197 1599 3284 magnitudinis
1653 3198 1993 3268 blanditias
2050 3208 2121 3267 ut
2160 3219 2296 3267 non
2337 3220 2548 3288 asper-
2587 3229 2601 3241 ·
2616 3195 2906 3264 orbiculo
2949 3198 3375 3287 imponerent,
3440 3204 3535 3271 sic
3588 3215 3659 3286 ut
3711 3214 3989 3296 centrum
4037 3225 4195 3276 ceu·

978 3309 1237 3380 uantur,
1301 3309 1509 3367 tamen
1549 3301 1617 3367 in
1659 3301 1993 3388 postremis
2036 3299 2305 3383 habent,
2377 3310 2442 3368 et
2481 3301 2548 3369 in
2615 3309 2717 3366 tro
2772 3300 3221 3390 responderet,
3283 3304 3400 3373 sed
3451 3299 3624 3374 foras
3683 3306 4022 3391 aberraret,
4093 3330 4197 3377 ex

979 3400 1061 3467 iis
1128 3401 1569 3490 comparandis
1635 3402 1833 3490 magis
1897 3400 2290 3492 philologiae
2348 3402 2546 3470 incre·
2615 3421 2746 3490 quo
2832 3401 3096 3485 factum,
3131 3416 3251 3484 fut
3339 3408 3658 3477 orbiculus
3744 3431 3935 3500 saepe
4001 3421 4197 3502 parte

979 3513 1222 3587 menta,
1274 3581 1289 3602 f
1321 3525 1505 3593 quam
1582 3515 1940 3573 extraneam
1990 3525 2368 3576 ,numorum‘
2419 3504 2547 3573 for·
2613 3513 2912 3593 typorum
2990 3526 3125 3575 ιιοιι
3205 3511 3461 3601 exigua,
3559 3511 4040 3603 nonnunquam'
4089 3513 4194 3583 di—

981 3613 1195 3674 tunam
1244 3607 1606 3695 respiciunt.
1714 3607 1847 3677 Sed
1902 3617 2329 3696 argumentum
2378 3607 2547 3678 istud
2611 3607 2807 3676 midia
2846 3607 3225 3686 multaretur.
3285 3675 3296 3682 ι
3365 3619 3372 3624 “
3789 3611 3802 3618 ’
4033 3601 4050 3616 ”

1818 4090 1942 4165 De
1991 4093 2244 4178 numis
2298 4091 2648 4202 veteribus
2672 4094 2900 4197 statis
2941 4095 3337 4195 percussis.

905 4271 917 4289 Ι
976 4294 1145 4392 Res
1200 4330 1379 4392 vetus
1442 4321 1785 4391 monetaria
1848 4297 2104 4392 metallo
2172 4324 2387 4393 flando
2454 4325 2542 4393 fe·
2609 4324 2726 4394 sed
2783 4326 2976 4393 etiam
3040 4329 3227 4396 certis
3288 4327 3538 4397 indiciis
3613 4352 3696 4402 ex
3761 4334 3903 4421 ipsa
3968 4343 4202 4406 vetere

972 4425 1202 4494 riundo
1277 4425 1718 4515 peragebatur,
1798 4423 1940 4514 ejus
2008 4425 2197 4495 fide'm
2268 4427 2540 4496 facienti-
2606 4440 2861 4497 moneta
2927 4431 3144 4519 captis.
3265 4431 3343 4499 In
3403 4433 3606 4502 uumis
3675 4434 3884 4506 obviis
3949 4436 4199 4507 Roma-

973 4527 1096 4598 bus
1151 4548 1284 4600 non
1341 4527 1538 4599 modo
1592 4529 1784 4601 certis
1837 4540 2113 4616 veterum
2163 4531 2537 4602 testimoniis
2605 4533 2704 4602 nis
2784 4531 3136 4623 produntur
3215 4533 3318 4604 111
3379 4536 3522 4605 viri
3605 4559 3794 4623 auro,
3894 4549 4199 4627 argento,
