4500 5650
488 566 522 579 ··-
758 525 765 531 ⁴
1236 606 1243 611 ἱ
1276 547 1311 615 ⁸„
1590 514 1650 591 C
1696 516 1757 591 A
1808 518 1869 589 Ρ
1921 518 1989 588 V
2040 516 2105 591 T
2205 518 2332 592 XI.
3448 543 3572 597 m

346 679 415 745 ni
470 675 697 765 jubeat
762 676 1050 754 diffidere
1109 678 1437 761 Rinckius,
1517 681 1619 746 cui
1687 689 1919 747 certum
1987 703 2294 749 maxunae
2358 681 2624 764 formae,
2709 661 2825 750 sed
2902 681 3077 771 quod
3153 684 3371 773 magis
3412 702 3608 787 pro·

347 790 474 860 est,
562 781 877 849 matricem
938 779 1248 849 feriundo
1300 779 1555 853 metallo
1623 782 1919 849 candenti
1986 782 2154 852 fecto
2220 785 2472 865 mirum,
2550 784 2675 870 ipsi
2737 768 2923 853 etiam
2980 789 3273 878 argentei
3345 770 3608 862 drach
3635 848 3646 855 .

349 878 693 950 adhibitam
761 882 949 951 causa
1008 883 1393 950 vehementis
1468 884 1700 953 caloris
1766 906 1917 951 con·
1982 885 2181 955 males
2245 896 2396 953 tam·
2443 885 2797 953 absolutum
2870 887 3144 957 offerunt
3210 910 3373 1008 opus
3386 938 3407 972 ,
3497 899 3565 957 ut

346 986 529 1052 tinuo
569 983 765 1052 fuisse
807 1005 1151 1072 passuram
1180 986 1427 1068 vitium,
1481 986 1943 1097 redditamque·
1981 987 2248 1065 fusionis
2293 975 2466 1056 nulla
2509 989 2715 1106 possit
2755 989 3034 1057 incidere
3078 992 3379 1079 suspicio.
3453 990 3561 1057 An
3639 1054 3648 1061 .

349 1087 631 1154 inutilem
645 1087 771 1174 ⁴¹),
819 1086 994 1175 quod
1056 1108 1208 1155 sane
1281 1111 1320 1157 a
1378 1082 1529 1156 viro
1586 1089 1914 1176 praeclaro
1986 1110 2138 1177 ergo
2182 1091 2249 1156 in
2292 1090 2424 1157 his
2436 1091 2639 1159 numis
2690 1091 2958 1180 primum
3003 1091 3151 1158 fusa
3206 1115 3354 1181 pars
3400 1084 3560 1160 anti·

348 1200 521 1258 recte
593 1190 884 1258 existimo
955 1189 1370 1257 observatum.
1480 1190 1761 1258 Alteram
1835 1210 1917 1256 ex
1987 1213 2089 1274 ca,
2157 1189 2390 1258 deinde
2443 1190 2675 1271 malleo
2729 1194 3035 1281 impressa
3090 1187 3235 1282 pars
3302 1196 3565 1263 aversa?

346 1294 698 1382 propositis
785 1301 1026 1381 partem
1086 1293 1434 1363 -evidenter
1502 1288 1921 1381 comprobant
1986 1301 2093 1360 aut
2147 1314 2259 1360 cur
2310 1293 2469 1361 haec
2509 1296 2888 1383 perversitas
2932 1296 3137 1362 aureis
3175 1305 3428 1363 tantum
3472 1296 3565 1363 di·

347 1396 523 1463 numi
604 1395 1066 1482 pereleganteS,
1154 1417 1346 1484 quos,
1437 1396 1583 1484 quia
1667 1393 1919 1482 duplice
1989 1394 2299 1463 drachmis
2384 1397 2697 1480 incubuit,
2787 1392 3056 1517 reliquis
3141 1397 3568 1467 immunibus?

346 1499 527 1564 vario
614 1497 873 1565 metallo
958 1507 1279 1581 constant,
1381 1519 1647 1587 quorum
1732 1516 1923 1564 unum
1992 1519 2153 1586 quae
2214 1497 2474 1586 quidem
2538 1499 2730 1568 dubia
2783 1500 2858 1569 in
2899 1506 3122 1587 parte
3204 1499 3569 1567 mechanica

349 1621 493 1667 cum
568 1599 771 1666 altero
815 1621 1071 1688 -magna
1143 1609 1277 1667 arte
1340 1590 1738 1671 commissum
1803 1608 1921 1682 est,
1989 1601 2084 1669 rei
2139 1601 2521 1675 monetariae
2573 1602 2829 1683 veteris,
2890 1601 3168 1689 aliaque·
3193 1600 3296 1667 his
3341 1601 3569 1669 similia

274 1702 305 1757 Γ
346 1723 580 1789 numos
641 1706 894 1787 duple-:e
956 1706 1184 1771 motam
1229 1698 1650 1821 appellamus.
1762 1702 1925 1769 Sunt
1990 1701 2215 1770 lubens
2284 1702 2549 1770 aliorum
2612 1703 2931 1792 sagacitati
2987 1703 3298 1806 permitt0.
3348 1702 3565 1784 Alia,

351 1807 517 1873 inter
558 1804 681 1872 hos
720 1826 855 1872 non
898 1806 1083 1893 pauci
1125 1806 1390 1892 insignis
1444 1805 1780 1875 voluminis
1822 1815 1922 1888 ty·
1991 1826 2152 1894 quae
2216 1804 2382 1872 hauc
2445 1815 2685 1894 partem
2767 1804 3114 1888 illustrant,
3202 1800 3390 1892 potes
3481 1825 3564 1871 ex

336 1909 578 2012 -pisq'ue
616 1909 906 2004 utrinque
933 1904 1058 1974 alte
1102 1909 1512 1979 exstantibus.
1607 1909 1752 1977 Hos
1795 1908 1918 1995 pri·
1988 1907 2296 1996 proximis
2359 1908 2748 2001 praeceptis
2772 1905 3051 1988 haurire,
3126 1929 3287 1996 quae
3355 1904 3563 1973 mallei

351 2032 523 2077 mum
564 2010 759 2077 fuisse
796 2010 994 2093 fusos,
1040 2030 1227 2077 nemo
1272 2033 1460 2081 sanus
1505 2012 1627 2079 sibi
1668 2030 1918 2101 persua·
1976 2008 2158 2098 apud
2220 2018 2465 2076 veteres
2533 2009 2601 2074 in
2661 2008 2785 2073 hac
2850 2018 2983 2077 arte
3052 2030 3232 2077 usum
3307 2007 3562 2089 docent,

356 2114 546 2201 εει-ἥς
588 2134 728 2179 nam
768 2113 1039 2181 fmione
1055 2114 1361 2180 evasisset
1396 2112 1665 2182 mixtura
1693 2113 1918 2185 utrius·
1987 2132 2286 2198 quorsum
2330 2132 2496 2179 nunc
2538 2109 3416 2177 contendo..

354 2237 513 2305 que
533 2210 791 2297 metalli,
858 2234 999 2280 ιιοιι
1053 2206 1370 2280 metallum
1429 2198 1697 2301 duplex,
1764 2231 1920 2299 quo-
2084 2256 2089 2259 ·
2157 2211 2467 2278 Malleum
2510 2235 2549 2279 a
2590 2211 2905 2278 veteribus
2958 2209 3039 2277 ad
3089 2229 3420 2283 numorum
3474 2206 3565 2275 fa·

347 2338 488 2385 rum
540 2332 753 2382 ιιιιιιιιι
775 2314 856 2381 ab
901 2315 1103 2383 altero
1148 2322 1502 2403 separatum
1547 2324 1674 2396 est,
1738 2312 1924 2403 quale
1991 2310 2227 2383 bricam
2273 2313 2478 2403 ‚fuisse
2531 2312 2877 2379 adhibitum
2891 2361 2913 2397 ,
2977 2312 3398 2378 indubitatum
3452 2319 3566 2381 est.

352 2442 424 2488 se
467 2418 670 2485 oculis
714 2415 922 2488 offert.
1008 2418 1181 2505 Ergo
1239 2417 1297 2485 si
1345 2418 1413 2485 in
1457 2414 1559 2485 his
1603 2415 1924 2483 metallum
1991 2415 2185 2505 Varia
2226 2418 2362 2503 ejus
2404 2415 2760 2483 testimonia
2803 2436 2887 2481 ex
2940 2413 3398 2496 marmoribus,
3431 2433 3566 2480 nu-

316 2522 471 2602 ,fuit
533 2520 775 2607 docile,
862 2518 1195 2606 malleique
1257 2519 1536 2607 patiens,
1625 2542 1741 2587 cur
1770 2538 1925 2586 -ιιοιι
1992 2528 2268 2586 morum·
2313 2519 2518 2605 typis,
2607 2516 3021 2611 scriptoribus
3106 2518 3289 2584 initio
3376 2516 3618 2602 huJus·

352 2625 421 2691 in
474 2621 612 2690 aliis
673 2642 930 2711 quoque
973 2622 1380 2689 exstantioris
1427 2622 1637 2723 operis
1680 2622 1926 2690 numia?
1995 2621 2215 2708 capitis
2254 2614 2616 2687 memoravi.
2705 2620 2844 2689 Jam
2901 2622 3086 2687 etiam
3130 2642 3214 2687 ex
3253 2618 3410 2707 ipsis
3453 2639 3568 2684 nu·

523 2730 736 2814 Atque
787 2724 949 2791 haec
1014 2723 1094 2791 de
1148 2723 1417 2799 fusionis
1471 2718 1730 2811 negotio
1789 2724 1925 2792 visa
1992 2724 2111 2789 mis
2168 2722 2495 2790 veritatem
2566 2720 2907 2789 eliciamus.
3012 2722 3206 2788 Varia
3267 2724 3402 2808 ejus
3457 2738 3564 2786 ar·
3629 2718 3634 2721 Ἴ

352 2839 500 2897 sunt
541 2823 967 2907 observanda,
1024 2826 1200 2913 quod
1234 2829 1317 2891 in
1358 2827 1568 2892 multis
1612 2845 1765 2892 esse
1798 2845 1921 2890 am·
1990 2834 2284 2909 gumenta
2331 2828 2467 2906 jam
2531 2823 2851 2910 praeclare
2926 2823 3186 2911 collegit
3249 2821 3564 2922 Mahude·
3653 2861 3676 2876 *-

349 2931 641 3045 biguum,
672 2921 1000 3026 quodque
1052 2948 1183 2993 non
1236 2926 1419 2994 facile
1468 2927 1679 3014 possit
1724 2925 1921 3015 expli·
1991 2923 2113 2990 lius
2136 2905 2215 3006 ‘),
2276 2944 2436 3037 quae
2477 2923 2605 2989 hoc
2648 2924 2797 2990 loco
2841 2944 2967 2992 una
3014 2947 3153 2994 cum
3196 2927 3350 2994 meis
3395 2945 3565 2991 com·

356 3033 531 3113 cari,
576 3051 663 3096 ex
713 3029 824 3112 iis,
878 3049 1037 3118 quae
1090 3029 1422 3118 hucusque
1471 3029 1773 3110 diximus,
1827 3049 1923 3096 sa·
1991 3043 2369 3106 memorare,
2405 3115 2412 3124 .
2464 3045 2622 3128 non
2692 3026 3026 3114 ingratum
3097 3035 3252 3113 puto
3335 3022 3566 3092 lectori
3669 3035 3690 3046 ‘

244 3209 258 3218 ,
359 3134 445 3202 tis
509 3130 729 3208 elucet.
833 3129 1168 3200 Enimvero
1231 3131 1299 3199 in
1360 3130 1489 3199 hoc
1552 3135 1975 3218 argumento
1974 3128 2280 3197 futurum.
2395 3171 2402 3176 -

354 3235 635 3305 versanti
673 3254 806 3301 non
848 3255 1047 3323 pauca
1088 3233 1241 3301 mihi
1284 3241 1717 3317 occurrerunt,
1764 3254 1925 3322 quae
2163 3232 2214 3298 1.
2272 3228 2411 3298 Jam
2452 3230 2595 3318 ipsa
2633 3229 3001 3298 Latinorum
3043 3225 3377 3311 vocabula,
3411 3195 3566 3294 cum

352 3361 459 3408 me
494 3355 870 3458 suspensum
912 3338 1102 3406 animi
1142 3335 1569 3406 reddiderunt.
1629 3335 1927 3425 Exempli
1994 3334 2241 3417 dixere,
2286 3342 2604 3401 monetam
2635 3335 2869 3417 scr-tre,
2930 3328 3176 3413 cudere,
3234 3343 3562 3417 peronam-e,

355 3449 568 3510 causa:
619 3442 690 3509 in
741 3437 1062 3528 plerisque
1113 3439 1318 3508 aureis
1373 3436 1755 3508 didrachmis
1796 3440 1946 3523 Ly·-
1990 3444 2266 3524 signare,
2322 3434 2535 3503 mallei
2585 3457 2765 3503 usum
2792 3435 3172 3526 „designant
3257 3432 3565 3515 Eandem,

353 3543 644 3626 simachi,
723 3562 988 3631 quorum
1062 3541 1368 3629 insignem
1431 3562 1754 3642 numerum
1817 3539 1927 3608 ha·
1996 3550 2100 3608 aut
2142 3538 2475 3634 analogam
2518 3538 3035 3625 significationem
3087 3537 3325 3606 habent
3372 3529 3565 3603 Grae·

355 3643 468 3713 bet
515 3665 797 3714 museum
854 3644 1271 3726 Caesareum,
1315 3646 1454 3729 ejus
1510 3645 1678 3731 regis
1742 3651 1931 3732 caput
1996 3665 2213 3714 corum
2256 3664 2543 3721 κοπτειν,
2584 3663 2961 3738 χαρασσειν.
3063 3679 3072 3686 -

363 3757 491 3814 tam
539 3757 637 3815 est
686 3744 964 3813 hiulcum
1017 3751 1082 3814 et
1130 3747 1645 3836 incompositum,
1700 3755 1770 3818 ut
1821 3745 1929 3813 de·
2165 3746 2248 3812 11.
2336 3746 2593 3812 Summa
2655 3743 2892 3830 puritas
2958 3764 3032 3809 ac
3084 3742 3255 3810 nitor
3307 3739 3448 3827 typi
3500 3739 3567 3805 in

222 3845 237 3854 ’
352 3850 645 3936 jerarem,
685 3849 869 3916 unius
911 3867 1026 3924 eos
1069 3847 1336 3916 fusionis
1380 3871 1521 3917 esse
1564 3870 1757 3939 opus,
1802 3849 1928 3916 nisi
1994 3848 2276 3938 partibus
2340 3847 2525 3913 etiam
2583 3845 3041 3927 subtilissimis,
3116 3865 3232 3914 ceu
3298 3841 3565 3931 capillis,

359 3958 601 4018 vetaret
632 3971 794 4040 pars
856 3972 1121 4044 aversa,
1172 3972 1331 4039 quae
1384 3973 1518 4019 non
1583 3951 1779 4021 modo
1835 3950 1927 4018 of·
1990 3951 2190 4018 literis
2245 3957 2392 4032 etc„
2452 3969 2612 4036 quae
2667 3948 2803 4015 laus
2855 3968 2896 4013 a
2948 3945 3094 4026 sola
3139 3944 3391 4013 fusione
3449 3945 3559 4011 im·

212 4113 219 4118 .
353 4051 479 4120 fert
523 4045 689 4142 opus
729 4073 887 4120 sane
928 4051 1213 4139 elegans,
1274 4053 1391 4123 sed
1433 4055 1619 4124 etiam
1659 4075 1774 4143 per
1817 4052 1927 4122 du·
1992 4053 2229 4144 petrari
2271 4051 2507 4139 nequit.

352 4154 665 4245 ‘plicatam
733 4154 800 4220 in
885 4149 1210 4222 nonnullis
1296 4178 1484 4225 causa
1582 4156 1929 4225 aberrantis
2168 4153 2284 4220 111.
2368 4151 2564 4220 Numi
2614 4151 2878 4234 incusi,
2913 4151 3046 4219 sive
3108 4147 3218 4239 qni
3275 4149 3568 4234 utrinque

254 4259 271 4267 '
351 4257 629 4325 matricis
694 4239 1084 4363 epigraphen
1154 4265 1328 4325 certa
1400 4258 1610 4325 mallei
1675 4258 1928 4331 indicia.
1995 4254 2265 4325 eundem
2305 4264 2526 4344 typum
2568 4252 2869 4337 offerunt,
2943 4251 3060 4324 sed
3097 4273 3180 4320 ex
3222 4272 3348 4320 una
3386 4256 3570 4336 parte

350 4353 527 4429 Inter
567 4358 728 4430 haec
768 4381 903 4429 non
944 4359 1151 4429 solum
1203 4357 1485 4448 eiusdem
1535 4361 1703 4448 regis
1759 4362 1932 4447 aurei
1997 4379 2382 4442 convexum,
2452 4377 2537 4425 ex
2600 4355 2795 4447 altera
2862 4374 3233 4435 concavum,
3302 4370 3569 4438 quorum

497 4575 564 4650 ¹1)
598 4598 712 4650 1¹⁸3·
744 4583 829 4643 90·
966 4577 1025 4649 r)
1094 4581 1155 4635 B.
1191 4578 1255 4638 [ι.
1289 4580 1357 4633 T·
1391 4577 1477 4633 111.
1511 4581 1631 4636 hist.
1665 4600 1719 4652 p.
1753 4582 1878 4678 203.
