4500 5650
43 4377 54 4426 Ἴ.-

43 4314 84 4390 .Ξ

42 4887 66 5008 W
43 4869 44 4872 ⁴

42 5017 82 5217 aar*

3128 355 3164 376 l

878 536 977 607 40
1349 588 1370 605 ι
1781 508 3115 625 ·ΤΑιιιιΑιιο·ΝΕΝ313.-
3295 468 3329 503 ‘
3516 634 3531 649 „

888 700 1222 767 ornaverit.
1336 697 1514 763 Haec
1579 699 1826 788 partim
1897 700 2248 781 arbitraria,
2325 672 2462 788 par·
2535 696 2917 788 Calagurris,
2992 723 3157 782 non,
3247 686 3420 801 quod
3482 670 3818 785 'aliqtfibus
3862 690 4105 780 ⁴visum,

885 803 1002 869 tim
1039 801 1232 869 falso
1297 799 1545 867 adserta
1621 804 1756 887 jam
1817 802 2061 869 docuit
2120 802 2466 881 Floreziua
2532 803 2985 871 Fibularensis.
3092 805 3257 869 Cum
3316 809 3643 891 praeterea
3700 808 3961 865 constet
4022 821 4109 866 ex

864 904 1024 991 qui
1039 912 1120 971 et
1177 902 1520 983 existimat,
1561 913 1766 993 caput
1826 905 1993 972 numi
2043 905 2274 993 prioris
2329 923 2467 991 per·
2537 905 2778 989 Plinio,
2846 906 3230 1024 Calagurrim
3282 903 3613 970 Nassicam
3662 888 3857 967 fuisse
3908 902 4109 968 muni·

785 1044 795 1051 -
893 1004 1046 1070 inde
1136 1024 1278 1070 esse
1337 1005 1631 1091 Augusti,
1720 1006 1836 1073 sed
1899 1006 2172 1073 rudioris
2249 1026 2471 1071 manus
2540 1010 2799 1098 cipium,
2867 1031 2951 1075 ex
3011 1009 3242 1089 numis,
3313 1006 3507 1073 fuisse
3565 1004 3792 1071 dictam
3857 988 4108 1089 Jnfliam,

895 1126 1078 1194 οΡιι3.
1168 1102 1360 1172 Istud
1391 1107 1768 1189 verisimile,
1823 1130 2046 1175 numos
2092 1107 2312 1174 addito
2355 1130 2471 1174 vo·
2540 1132 2623 1181 ex
2685 1110 3123 1228 scriptoribus,
3187 1107 3382 1176 fuisse
3447 1105 3664 1183 urbem
3724 1105 3879 1185 clari
3944 1105 4112 1171 inter

815 1231 822 1237 ·
901 1207 1130 1274 cabulo
1194 1190 1571 1275 NASSICA
1632 1208 1888 1297 reliquis
1947 1208 2320 1301 Calagurn's
2360 1230 2471 1275 ιιιι·
2541 1213 2697 1281 31133
2784 1214 3092 1293 nominis,
3180 1210 3375 1281 altera
3462 1230 3611 1276 vero
3674 1206 4110 1274 Fibularensis

819 1378 832 1387 ,
891 1312 1011 1377 mis
1067 1331 1209 1376 esse
1251 1311 1671 1397 antiquioreS,
1725 1317 1904 1398 cujus
1964 1312 2193 1379 deinde
2233 1312 2471 1379 mentio
2540 1338 2674 1383 non
2715 1314 2911 1382 modo
2955 1315 3182 1382 horum
3221 1311 3380 1382 nihil
3410 1314 3648 1398 jactare
3675 1312 3911 1398 possit,
3955 1310 4115 1398 quin

833 1426 844 1431 ’
897 1415 964 1479 111
1029 1413 1233 1477 numis
1309 1411 1726 1491 dissimulata,
1818 1422 1880 1479 at
1943 1436 2076 1482 non
2140 1414 2476 1481 obliterata
2542 1423 2677 1505 ejus
2743 1412 3199 1504 ignobilitatem
3276 1435 3411 1480 non
3498 1410 3769 1480 obscure
3851 1414 4114 1479 innuant

897 1515 1225 1591 memoria,
1289 1522 1449 1581 teste
1513 1518 1649 1599 ejus
1712 1514 1939 1581 Plinio.
2037 1517 2267 1585 Fuisse
2320 1535 2472 1581 vero
2542 1520 2811 1587 Plinius
2834 1530 2933 1586 et
2950 1520 3213 1597 Caesar,
3278 1536 3545 1603 quorum
3596 1514 3711 1581 ille
3760 1535 3897 1579 eam
3948 1513 4117 1583 dixit

901 1638 1146 1686 nomen
1187 1616 1361 1682 urbis
1414 1617 1671 1682 Nassica
1733 1616 1959 1703 palam
1993 1620 2343 1705 cognitum,
2411 1624 2477 1682 et
2532 1622 3038 1711 stipendiariam,
3149 1617 3256 1683 hic
3369 1618 3579 1684 Oscae
3676 1616 4114 1697 contributam,

902 1719 1244 1806 promiscui
1331 1740 1480 1787 cum
1505 1718 1868 1804 calagurri
1952 1744 2130 1803 usus,
2213 1726 2474 1787 testatur
2543 1724 2799 1792 dubium
2851 1743 2999 1791 reor
3052 1742 3185 1787 non
3246 1729 3369 1801 est,
3426 1738 3650 1785 numos
3704 1739 3865 1807 quos
3918 1717 4113 1784 habe-

902 1841 1127 1888 numus
1215 1819 1404 1900 alter,
1491 1819 1602 1884 in
1646 1842 1773 1907 quo
1846 1823 2054 1889 solum
2122 1840 2475 1908 cognomen
2542 1849 2678 1895 mus
2716 1846 2981 1906 omnes,
3042 1802 3401 1907 Calagurris
3448 1821 3707 1903 nomine
3770 1822 4140 1908 inscriptos

889 1914 1276 1997 ‚NA'SSICA
1353 1921 1612 2008 legitur,
1704 1921 2224 2010 quemadmodum
2293 1924 2476 1989 etiam
2545 1930 2850 1996 Nassicae
2884 1920 3305 1996 tribuendos.-

769 2092 776 2095 ι
903 2010 973 2091 111
1016 2024 1218 2090 numis
1264 2022 1606 2091 Cordubae
1654 2046 1773 2111 pro
1829 2026 1949 2093 hac
1990 2027 2196 2120 'solum
2241 2045 2477 2112 cogno·
2812 2064 2820 2077 .
3311 2072 3349 2110 a
3472 2018 3523 2061 ι’

907 2148 1052 2191 men
1095 2128 1396 2197 Patriam
1435 2124 1719 2209 legimus,
2632 2204 2641 2207 Ἴ
2723 2137 2911 2217 Tfoss
3464 2167 3474 2173 ,

1080 2227 1338 2293 1VL1A.
1406 2229 1582 2314 quod
1621 2248 1856 2295 nomen
1897 2250 2042 2296 raro
2103 2235 2171 2296 in
2223 2230 2326 2297 his
2368 2250 2479 2295 nu·
2660 2302 2669 2306 f
2731 2220 2968 2302 Ταιὶπιι
3006 2245 3189 2312 σιω,
3232 2239 3422 2318 typus
3465 2228 3689 2296 obvius
3734 2246 3865 2313 non
3905 2228 3971 2294 in
3998 2226 4118 2295 hu·

841 2404 848 2408 ,
906 2330 1026 2394 11113
1099 2327 1484 2412 negligitur3
1525 2329 1595 2395 id
1651 2339 1857 2397 tamen
1913 2332 1980 2396 in
2034 2333 2155 2398 hac
2206 2335 2363 2400 urbe
2416 2341 2479 2397 et
2534 2343 2642 2425 jus
2687 2338 2884 2417 modo
2909 2322 3082 2401 urbis
3107 2335 3331 2414 numis,
3376 2329 3491 2397 sed
3536 2340 3601 2396 et
3618 2304 3925 2411 Cascanti,
3969 2330 4120 2397 Cel·

909 2430 1049 2496 Ilici
1088 2431 1336 2516 praeter
1405 2416 1664 2497 aliarum
1727 2453 1997 2513 morem,
2065 2434 2308 2501 nomini
2380 2456 2477 2499 ur·
2547 2460 2687 2517 333,
2753 2432 3561 2518 Ercavicae‚Tu1-iasonis.
3652 2432 3915 2499 Causam
3966 2434 4123 2537 typi

912 2531 1014 2598 bis
1082 2531 1388 2618 postponi
1451 2550 1801 2619 cognomen
1867 2535 2141 2617 IVLIA,
2210 2556 2350 2602 cum
2413 2537 2482 2601 in
2546 2539 2874 2611 Florezius
2919 2539 2999 2605 ab
3029 2536 3304 2605 Hercule
3345 2533 3701 2650 petendam·
3706 2508 4003 2620 conjicit.
4052 2536 4123 2601 Is

787 2693 800 2707 ,
915 2630 1076 2705 aliis
1139 2631 1403 2700 honoris
1480 2635 1753 2722 epitheta
1827 2640 2135 2727 praeponi
2197 2638 2483 2704 soleant.
2552 2651 2808 2711 natante
2854 2640 3157 2707 Diodoro
3184 2641 3249 2721 ‘)
3302 2647 3636 2728 captorum
3681 2632 3748 2703 in
3774 2636 4126 2724 Hispania

915 2735 1208 2805 Nomen
1223 2735 1390 2802 istud
1431 2738 1839 2806 abstulerime
1893 2763 1936 2806 3
1972 2741 2027 2810 J.
2074 2741 2360 2822 Caesare,
2404 2760 2487 2805 an
2552 2744 2746 2835 boum
2807 2753 3048 2833 partem
3111 2746 3246 2831 ejus
3307 2741 3459 2807 loci
3480 2738 3722 2827 -regulo
3774 2712 3949 2809 dono
4009 2739 4121 2807 de·
4226 2776 4237 2785 -

917 2841 1240 2927 AugustO,
1310 2862 1441 2907 non
1493 2841 1708 2930 liquet.
1807 2844 1881 2910 In
1931 2844 2257 2962 priorem
2235 2843 2483 2912 Caesa·
2555 2848 2671 2929 dit,
2759 2870 2885 2936 quo
2971 2844 3082 2912 ille
3143 2845 3406 2911 laetatus
3466 2843 3715 2936 honore
3781 2844 4125 2932 quotannis

915 2963 1050 3009 rem
1107 2942 1461 3036 propendet
1532 2944 1890 3042 Florezius,
1955 2947 2100 3035 quia
2167 2946 2236 3013 in
2307 2945 2487 3012 nullo
2552 2949 2956 3018 lectissimum
3008 2969 3101 3024 ex
3159 2967 3349 3034 grege
3403 2927 3644 3013 taurum
3697 2943 3957 3028 Herculi
4022 2967 4125 3013 sa·

917 3044 1150 3112 horum
1235 3045 1566 3116 numerum
1654 2995 1903 3116 additur
1987 3056 2302 3135 Aug-wa,
2374 3048 2490 3115 sed
2557 3051 2869 3119 criticavit
2954 3049 3155 3116 Addit
3207 3041 3506 3120 continuo
3559 3048 3922 3115 historicus:
3996 3071 4129 3125 τας

918 3168 1124 3235 quae
1150 3146 1259 3213 lex
1320 3168 1455 3215 non
1527 3169 1670 3246 raro
1735 3141 1929 3237 fallit,
1994 3163 2064 3226 ut
2131 3151 2487 3220 observabo
2559 3155 2630 3221 δε
2658 3155 2819 3237 βους
2845 3175 3250 3238 τηρουμενας
3291 3155 3530 3234 συνεβη
3570 3154 3749 3237 ἱερας
3788 3151 4130 3234 διαμειναι

919 3251 1125 3338 capite
1181 3248 1262 3315 de
1315 3252 1522 3316 numis
1585 3253 1834 3318 urbium
1886 3254 2230 3337 Caesarum
2291 3249 2489 3320 nomi-
2553 3249 3700 3342 κατατηνΙβηριανμεχριτωνκαθ’“
3662 3275 3841 3336 ημας
3854 3275 4127 3336 zamma

773 3407 780 3414 .
883 3373 1003 3416 .na
1074 3350 1570 3438 praeferentium.
1656 3352 1890 3420 Saltem
1959 3356 2041 3420 de
2104 3337 2371 3448 Augusti
2423 3355 2492 3420 in
2554 3381 2670 3445 quo
2692 3357 2965 3441 factum,
3008 3369 3077 3423 we
3117 3358 3391 3441 hodtkque
3432 3357 3602 3422 boves
3639 3376 3975 3438 eam-asper
3994 3356 4129 3421 Ibe·

921 3451 1088 3518 hanc
1149 3452 1400 3522 urbem
1430 3451 1755 3522 voluntate
1821 3467 2099 3541 constat3
2159 3477 2303 3523 nam
2355 3478 2491 3523 nar-
2560 3483 2718 3527 mm
2770 3453 3125 3538 habmur,
3211 3480 3369 3537 non,
3442 3466 3525 3522 ut
3560 3455 3891 3523 Florezius
3943 3455 4130 3521 Rho·

922 3563 1022 3623 rat
1064 3553 1402 3622 Suetonius
1425 3553 1524 3637 ¹),
1555 3559 1699 3622 eum
1741 3553 1808 3623 in
1850 3559 1947 3625 s'ui
1986 3559 2335 3640 custodiam
2381 3560 2495 3626 Ca·
2563 3561 2901 3629 <lemanum
2961 3570 3210 3628 secutus
3293 3563 3757 3648 interpretatm.
3841 3560 4135 3643 bacasque

923 3654 1446 3740 lagurritanorum
1517 3676 1705 3728 manu
1763 3680 1960 3747 usque
2027 3661 2110 3728 ad
2183 3661 2497 3738 devictum
2559 3678 2837 3731 accur-cde
2922 3667 3152 3732 habitae
3218 3668 3305 3729 ad
3356 3674 3621 3730 nostrum
3678 3682 3863 3766 usque
3918 3681 4134 3728 saeca-

899 3755 1268 3824 ‘Antonium
1295 3779 1506 3828 nsum.
1587 3772 1597 3780 '
1657 3787 1662 3790 ·
2554 3771 2701 3834 lum
2736 3773 2801 3833 ἡι
2855 3769 3051 3833 Iberia
3112 3777 3597 3849 perman-aerum,
3669 3745 3863 3829 nullo
3907 3783 4176 3856 3311313

1098 3860 1414 3938 Quoniam
1455 3881 1687 3928 nomen
1729 3865 1932 3931 Julzae
1971 3863 2040 3928 in
2081 3884 2273 3931 numo
2314 3865 2489 3952 prio·
2554 3868 2712 3934 Non
2774 3876 3026 3954 gravate
3090 3867 3550 3935 subscriberem
3604 3863 3880 3932 Florezii
3964 3885 4130 3931 con·

924 3982 996 4026 re
1048 3964 1447 4051 conjungitur
1499 3985 1640 4032 cum
1681 3966 1936 4031 nomine
1974 3966 2299 4049 Nasam,
2356 3987 2488 4032 cer·
2544 3974 2860 4057 jacturae,
2926 3971 3004 4036 si
3042 3963 3274 4035 urbes
3340 3944 3683 4055 Hispaniae
3767 3966 4137 4048 maritimas,

842 4152 850 4160 ¹
923 4053 1057 4128 tum
1101 4075 1216 4147 est,
1263 4066 1645 4153 Calagurrim
1687 4063 1850 4134 hano
1886 4061 2216 4135 Nassicam
2260 4053 2488 4136 dictam
2556 4094 2631 4139 ac
2697 4071 3031 4160 praecipue
3090 4071 3407 4151 Baeticae,
3495 4090 3649 4156 quas
3734 4069 4143 4155 potissimum

923 4157 1154 4242 fuisse
1192 4166 1444 4252 Juliam,
1526 4190 1752 4256 magno
1821 4179 2214 4256 argumento,
2260 4157 2493 4238 etiam
2559 4184 2950 4268 peragi-amm
3002 4171 3341 4240 Herculem
3409 4171 3754 4238 communis
3825 4170 3946 4238 fert
4044 4172 4153 4240 ἕω·

929 4259 1153 4333 numos
1211 4267 1520 4358 reliquos,
1577 4272 1683 4358 qui
1736 4272 1975 4340 omisso
2023 4273 2328 4346 Nassicae
2379 4296 2493 4340 no·
2561 4276 2737 4360 bula,
2799 4275 3182 4364 frequentius
3242 4272 3403 4340 tauri
3462 4282 3622 4362 typo
3685 4293 3829 4340 usas
3876 4271 4145 4342 videre.-

926 4371 1097 4437 m'ine
1149 4370 1356 4439 solum
1413 4372 1617 4439 Juliae
1670 4371 1967 4456 offerunt,
2003 4375 2305 4460 ejusdem
2356 4397 2497 4443 esse
2562 4389 2715 4455 mus.
2806 4378 3043 4444 Contra
3096 4375 3349 4470 accidit,
3382 4384 3470 4442 ut
3504 4385 3731 4452 taurus
3774 4355 4004 4448 obvius
4055 4375 4150 4446 sit

932 4524 1022 4544 μ-

1009 4665 1018 4674 .
1065 4591 1128 4654 h)
1167 4612 1275 4660 cap.
1315 4587 1402 4654 1¹49.
1541 4592 1588 4669 i)
1625 4596 1684 4647 L.
1719 4596 1803 4648 lv.
1839 4599 2006 4650 013.-
