4500 5650
748 542 753 547 ⁴
848 472 1113 571 mm
1208 474 1217 485 -
1496 428 1571 539 ᾗ
1680 416 1699 433 ”
1767 446 2519 569 ΡΒοιιΕιιοΜι-,ΝΑ
2573 450 3158 567 cananum.

826 972 865 995 f
896 950 915 961 -
996 872 1009 885 Ι
1374 906 1499 983 De
1551 909 1797 983 valore
1830 856 2199 983 monciae
2249 856 2640 991 externae,
2709 921 2782 980 et
2832 865 3121 980 mortu}
3150 902 3528 1003 prthcipis.

856 1102 1039 1196 Non
1083 1098 1322 1219 agimus
1365 1126 1495 1194 hoc
1537 1126 1805 1195 articulo
1846 1129 1930 1196 de
1972 1137 2227 1198 moneta
2270 1149 2429 1197 ιιοιι·
2498 1149 2632 1216 quo
2659 1126 3053 1196 Tithraustes
3098 1123 3326 1192 Persa·-
3336 1124 3618 1213 corrupit
3657 1122 3846 1192 urbes
3877 1124 4074 1193 Grae·

859 1230 1177 1301 nullorum
1246 1229 1628 1332 populorum
1686 1228 1980 1319 privata,
2072 1254 2231 1322 quae
2296 1255 2427 1299 mo·
2498 1250 2638 1314 cas,
2695 1241 2766 1298 ut
2805 1202 3168 1320 Agesilaum
3223 1246 3305 1294 ex
3349 1227 3502 1294 Asia
3554 1235 3974 1296 summoveret
3991 1229 4073 1308 ⁸).

860 1343 1044 1415 netae
1098 1333 1307 1419 imago
1362 1326 1573 1420 potius
1626 1331 1775 1415 fuit,
1843 1355 2057 1423 quam
2094 1355 2243 1406 vera
2296 1356 2430 1401 mo·
2498 1334 2630 1400 Aut
2682 1332 2878 1405 valuit
2928 1341 3194 1401 moneta
3233 1340 3535 1415 externa,
3621 1331 3742 1397 etsi
3803 1334 3941 1416 ejus
4005 1328 4077 1395 in

742 1494 749 1499 .
859 1444 1039 1518 neta,
1144 1434 1346 1523 qualis
1430 1434 1557 1501 fuit
1649 1435 1850 1503 ferrea
1942 1436 2432 1524 Spartanorum,
2498 1433 2652 1527 foro
2696 1457 2906 1503 rerum
2960 1434 3273 1504 venalium
3331 1450 3482 1503 usus
3535 1453 3674 1500 non
3731 1441 3930 1515 esset,
3991 1428 4080 1498 ad

864 1546 1115 1617 scortea
1184 1528 1863 1624 Carthaginiensium
1804 1587 1823 1622 ,
1911 1549 2171 1606 stannea
2240 1541 2433 1624 Syra·
2498 1520 2844 1605 faciliorem
2929 1537 3292 1605 commercii
3361 1558 3547 1604 usum
3614 1558 3755 1603 cum
3783 1531 4077 1623 populis

855 1658 1273 1722 cusanorum,
1334 1639 1538 1707 aliave
1590 1641 1843 1708 alterius
1892 1643 2225 1726 materiae,
2277 1664 2432 1731 quas
2499 1638 2826 1723 exteris,
2847 1651 2955 1708 aut
3019 1641 3088 1707 in
3158 1638 3472 1728 stipendia
3547 1638 3870 1719 militum,
3933 1636 4078 1702 cdm
4151 1686 4172 1709 ι

738 1738 743 1751 ’
864 1742 1263 1815 “notavium
1314 1763 1503 1831 supra
1554 1764 1690 1830 cap.
1744 1737 1859 1810 VI.
1994 1746 2085 1810 Hi
2143 1744 2434 1811 nimirum
2499 1733 2658 1805 foris
2712 1742 2949 1805 bellum
3001 1741 3343 1824 gerendum
3394 1735 3541 1819 fuit,
3611 1747 3746 1803 aut
3783 1738 3841 1805 si
3901 1760 4074 1805 com-

862 1845 1064 1928 numi‚
1111 1866 1249 1931 cum
1293 1865 1425 1911 non
1467 1858 1679 1929 essent
1720 1846 1855 1930 ejus
1898 1843 2224 1925 materiae,
2273 1858 2435 1929 quae
2499 1850 2771 1921 meatus,
2859 1839 3058 1909 aliave
3099 1839 3312 1921 vitae,
3399 1848 3507 1905 aut
3571 1837 3725 1906 belli
3790 1840 4078 1909 subsidia

667 1926 675 1936 ⁶
740 1996 749 2013 ,
824 1958 947 2012 *ex
1001 1948 1316 2013 communi
1376 1969 1491 2014 usu
1556 1946 1640 2013 ad
1692 1944 2062 2034 signandam
2118 1954 2434 2012 monetam
2501 1942 2660 2011 foris
2716 1941 3074 2031 quaerenda
3123 1942 3318 2009 finere-
3407 1940 3566 2009 Non
3591 1962 3770 2043 ergo
3827 1943 4076 2029 mirum,

862 2045 1088 2132 valuit,
1161 2048 1427 2137 pretium
1480 2037 1803 2117 habebant
1842 2048 2106 2157 quidem
2159 2070 2203 2114 a
2250 2069 2436 2135 repu-
2501 2038 3026 2128 Atheniensibus,
3112 2044 3232 2111 etsi
3280 2064 3496 2111 aurum
3545 2022 3726 2133 apud
3768 2066 3885 2129 eos
3941 2051 4078 2117 ιιοιι

828 2144 1034 2218 'blica
1084 2151 1567 2269 praescriptum,
1654 2150 1770 2218 scd
1834 2147 2028 2239 quod
2072 2150 2197 2217 sibi
2259 2170 2436 2238 prae-
2501 2147 2726 2219 fuisset
2810 2148 3148 2235 signatum,
3222 2158 3491 2234 praesto
3565 2168 3815 2236 semper
3877 2146 4078 2219 fuisse

866 2248 1066 2320 scribi
1116 2251 1342 2340 populi
1393 2253 1614 2334 vicini,
1701 2253 2009 2341 liberique
2073 2252 2247 2340 passi
2304 2273 2440 2320 non
2507 2273 2733 2318 aureos
2795 2260 3056 2319 stateres
3123 2250 3421 2331 Daricos,
3511 2249 3864 2332 Cyzicenos
3927 2260 4076 2337 ete„

734 2411 739 2415 .
868 2362 1033 2421 sunt.
1163 2354 1425 2439 Agimus
1479 2374 1631 2441 ergo
1684 2352 1812 2419 hoc
1861 2354 2014 2421 loco
2064 2363 2306 2422 tantum
2358 2352 2454 2419 de
2509 2374 2776 2442 quorum
2829 2375 3019 2443 saepe
3055 2352 3453 2420 mentionem
3475 2352 3654 2421 facit
3695 2354 4075 2433 Demosthe-

838 2464 1125 2531 .moneta
1179 2450 1443 2544 triplicis
1458 2506 1477 2539 ,
1552 2457 1907 2569 usitatique
1952 2456 2219 2540 metalli,
2285 2457 2440 2543 auri,
2506 2474 2696 2539 nes,
2719 2455 2981 2545 aliique,
3050 2456 3281 2546 quique
3340 2478 3379 2523 a
3431 2455 3754 2573 trapezitis
3804 2459 3934 2546 peti
3979 2456 4076 2525 fa·

871 2559 1137 2666 argenti,
1185 2580 1369 2626 aeris.
2469 2557 2630 2625 cile
2681 2569 2994 2647 poterant·
3081 2558 3236 2624 Non
3279 2558 3463 2625 etiam
3517 2559 3776 2629 mirum
3749 2606 3796 2641 ‚
3835 2583 3872 2627 a
3928 2559 4074 2627 Per*-

1013 2657 1351 2734 Monetae
1402 2670 1699 2729 externae
1751 2659 2005 2729 aliunde
2068 2683 2443 2753 quocunque
2509 2662 2598 2728 sis
2643 2662 2917 2729 Graecas
2953 2661 3255 2730 civitates
3309 2664 3498 2747 saepe
3549 2660 3780 2727 oblatis
3802 2658 4074 2743 Daricis

742 2826 753 2835 ,
800 2802 807 2815 ,
872 2762 1071 2830 modo
1126 2765 1411 2832 invectae
1465 2766 1671 2834 varius
1722 2763 1841 2832 fuit
1892 2786 2058 2834 usus.
2145 2767 2276 2834 Aut
2325 2765 2444 2833 fuit
2507 2761 2636 2854 legi
2677 2775 3037 2854 corruptas»,
3082 2774 3188 2832 aut
3231 2785 3524 2852 corrasos
3553 2762 3759 2831 fuisse
3801 2787 3842 2834 a
3883 2766 4076 2854 Spar·
4119 2853 4132 2860 ἢ

871 2867 1098 2935 mercis
1149 2865 1336 2949 loc'o,
1398 2887 1522 2954 qua
1576 2859 1940 2935 conditione
1993 2868 2169 2935 fuere
2221 2868 2442 2934 Victo·
2507 2868 2701 2949 tanis,
2764 2878 2835 2934 ut
2886 2870 2951 2934 in
3003 2867 3230 2964 horum
3281 2877 3534 2935 moneta
3570 2866 3888 2950 dicemus,
3941 2890 4073 2935 om·

872 2970 1012 3037 riati
1056 2990 1137 3036 ex
1180 2964 1445 3051 Illyrico
1492 2969 1758 3037 Romam
1814 2968 2059 3038 advecti
2113 2979 2272 3037 teste
2316 2969 2438 3035 Pli-
2509 2968 2611 3034 nis
2687 2972 3012 3037 commatis
3074 2991 3300 3036 numos
3373 2991 3640 3053 aureos,
3715 2963 4077 3058 argenteos-

826 3089 851 3116 ’
871 3073 982 3141 nio
1002 3071 1094 3161 ¹),
1150 3082 1338 3161 atque
1388 3073 1572 3172 etiam
1632 3072 1910 3160 Philippi
1961 3072 2161 3155 aurei,
2214 3095 2256 3140 a
2271 3072 2442 3157 ΡΙιὶ·
2512 3092 2684 3160 que,
2722 3072 2949 3161 quibus
2993 3071 3115 3162 etsi
3158 3072 3333 3140 domi
3374 3073 3462 3139 uti
3504 3093 3638 3139 non
3680 3070 3920 3156 liceret,
3983 3084 4078 3144 ta·
4109 3131 4118 3136 .

869 3174 1050 3266 lippo
1094 3174 1460 3242 Macedone
1517 3175 1609 3242 sic
1653 3174 1842 3256 dicti,
1902 3175 2238 3262 praecipue
2289 3151 2441 3256 tum,
2489 3170 2704 3255 men,
2778 3196 2860 3241 ex
2924 3197 3052 3263 quo
3108 3175 3411 3242 Graeciae
3474 3176 3882 3264 principatum
3939 3197 4074 3244 am-

874 3298 1014 3350 cum
1069 3285 1362 3344 monetae
1418 3296 1642 3342 aureae
1682 3297 1833 3342 usus
1876 3274 2171 3348 nondum·
2200 3275 2445 3341 Romae
2509 3275 2752 3355 bivere,
2812 3275 2894 3344 ad
2944 3277 3099 3345 belli
3156 3287 3488 3384 apparatus
3532 3279 3950 3362 necessarios,
4003 3289 4079 3346 et
4119 3337 4124 3340 ,

874 3379 1104 3460 valuit,
1158 3399 1428 3466 quorum
1484 3378 1649 3447 adeo
1703 3387 1939 3448 tantum
1984 3377 2105 3444 fuit
2154 3377 2442 3466 pretium,
2502 3377 2948 3467 expeditiones
3034 3379 3260 3468 procul
3346 3403 3385 3446 a
3463 3382 3666 3469 patria
3733 3389 4088 3474 susceptas
4093 3457 4122 3468 l

877 3467 1174 3569 quantum
1225 3480 1521 3549 valebant
1570 3480 1878 3572 pondere.
1984 3479 2176 3548 Adde
2227 3480 2450 3567 ingen·
2511 3495 2704 3570 opus
2728 3480 2859 3549 fuit.
2966 3482 3279 3550 Fecerunt
3331 3481 3454 3550 hae
3526 3503 3781 3567 causae,
3842 3493 3914 3552 ut
3961 3504 4077 3552 nu·

875 3591 1005 3652 tem
1054 3584 1181 3652 vim
1243 3601 1570 3651 numorum
1630 3583 2030 3666 Oscensium,
2074 3583 2444 3678 Cistopho-
2505 3605 2646 3652 mus
2687 3583 2999 3674 hospes,
3086 3585 3458 3675 praecipue
3507 3606 3662 3656 cum.
3713 3608 3752 3651 a
3813 3585 4076 3656 metallo

874 3705 1045 3770 rum,
1107 3684 1497 3805 aliorumque
1560 3697 1849 3754 monetae
1911 3687 2276 3774 peregrinae
2338 3709 2443 3755 va·
2509 3686 2808 3757 nobilitas
2874 3688 3168 3773 accessit,
3231 3710 3382 3756 non
3445 3688 3691 3774 minore
3767 3699 3934 3761 esset
4004 3689 4078 3756 in
4207 3713 4216 3722 ⁸

875 3788 955 3855 rii
1005 3788 1310 3872 nominis,
1398 3807 1583 3877 quam
1642 3807 1761 3879 per
1811 3789 1981 3859 bella
2041 3798 2302 3857 externa
2361 3810 2443 3855 ex
2510 3791 2788 3875 honore,
2873 3812 3057 3879 quam
3144 3791 3252 3879 qui
3337 3801 3557 3906 natura
3640 3790 3905 3868 civitatis
3963 3795 4079 3880 jus

875 3890 1127 3959 hostico
1194 3900 1437 3980 captam
1504 3891 1778 3982 praedae
1838 3893 2092 3960 nomine
2146 3892 2440 3981 importa·
2508 3893 2743 3962 habuit.

875 4004 1004 4063 tam
1062 3993 1275 4061 multis
1341 3993 1503 4060 locis
1563 3994 1896 4062 meminere
1963 3994 2176 4063 Livius
2199 4042 2220 4077 ,
2309 3993 2443 4061 alii·
2489 4025 2496 4028 ⁷
2683 3998 2833 4077 Quo
2899 4003 3187 4083 tempore
3253 3995 3536 4064 civitates
3601 3993 3733 4062 fere
3791 3995 4086 4083 singulae

877 4118 1031 4188 que,
1094 4095 1363 4166 subinde
1418 4097 1488 4164 in
1531 4106 1845 4168 monetam
1886 4099 2153 4188 patriam
2190 4095 2444 4164 fusione
2508 4099 2829 4186 propriam
2925 4119 3100 4164 suam
3196 4087 3513 4165 habuere
3565 4107 3879 4182 monetam
3897 4147 3917 4182 ,
4011 4109 4083 4168 et

875 4197 1396 4268 transformatam.
1490 4198 1730 4268 Mercis
1780 4201 1968 4268 etiam
2021 4199 2279 4270 modum
2332 4197 2440 4267 ha·
2486 4200 2836 4268 ‘exclusere
2920 4197 3256 4285 alienam,
3318 4221 3577 4268 necesse
3662 4199 3779 4268 fuit
3799 4250 3824 4285 ,
3902 4223 4078 4268 com-

876 4298 1016 4370 buit
1055 4319 1270 4378 aurum
1310 4302 1387 4373 L.
1429 4299 1681 4370 talentis
1737 4305 1978 4390 argenti
2031 4303 2438 4386 aestimatum,
2508 4302 2767 4396 mercia,
2853 4311 2925 4376 ut
2987 4303 3169 4387 olim,
3257 4302 3401 4370 sola
3463 4303 3762 4382 mercium
3829 4324 4087 4393 permu-

1009 4521 1159 4592 οι.
1197 4481 1443 4578 xum.
1481 4519 1512 4592 ς
1557 4528 1634 4578 13.
1838 4522 1897 4591 ς)
1932 4523 2178 4595 xenoph.
2214 4525 2346 4579 ιιῐιι
2384 4524 2440 4580 ι.
2474 4523 2557 4576 ιιι.
2591 4544 2643 4594 p.
2678 4543 2747 4577 ω.
2781 4525 2900 4579 502.
