4500 5650
363 4557 488 4594 saro
522 4558 636 4609 pag.
673 4537 754 4593 25.

1464 410 2374 557 ycAPVTXI.
2898 454 2936 487 ’·
3194 444 3256 537 ’.
3477 474 3924 549 ιιιι·’.

386 625 521 691 aeri
572 624 810 693 fimo
862 624 1213 695 Ebu-fundo.-
1246 627 1378 694 In
1435 642 1749 698 marmore
1809 629 1968 697 Gru·

386 728 508 794 teri
532 731 587 807 ¹')
640 725 737 793 Μ.
778 724 1013 817 leius
1057 727 1286 797 dicitur
1325 729 1961 799 FLATVRARIVS.

2028 624 2120 693 de
2197 627 2327 695 hoc
2398 638 2761 716 argumento
2832 568 3016 718 plura
3085 630 3254 719 apud
3318 631 3412 699 Cl.
3445 632 3605 699 Oli-

2034 729 2190 799 vieri
2213 734 2281 811 ·.)
2368 729 2605 819 Atqui
2631 743 2694 799 et
2756 743 3038 820 repertas
3104 733 3300 802 fuisse
3361 736 3606 803 Romae
3728 792 3744 829 ;
3803 720 3813 741 ⁸

385 827 623 895 AVRI.
686 828 828 897 ET.
882 829 1302 900 ARGENTI.
1372 831 1839 901 MONETAP..
1901 843 1967 902 et
2030 822 2308 900 formas
2337 832 2658 923 lapideas
2700 830 3037 902 fundendis
3122 836 3222 919 his
3305 837 3604 926 ponderi-

386 929 547 998 alibi
596 929 764 1019 apud
817 932 1088 1001 eundem
1104 938 1157 1014 ⁴¹)
1216 908 1506 1022 leguntur
1564 924 1957 1018 MALLEA-

385 1033 696 1101 TORES·
729 1033 1196 1105 MONETAE.
1235 1034 1682 1107 CAESARIS.
1730 1040 1958 1105 Exem-

236 1182 251 1193 -
383 1135 496 1224 pla
550 1157 632 1202 ex
684 1137 841 1226 ipsis
898 1140 1102 1229 numi:
1144 1148 1437 1207 monetae
1478 1141 1665 1211 flatae
1705 1135 1955 1231 percus·

381 1260 494 1307 sae
545 1238 669 1327 ipsi
720 1240 1025 1326 praebent
1079 1245 1249 1311 numi
1300 1243 1620 1331 inspecti,⁸
1675 1255 1739 1313 et
1783 1244 1957 1312 dabi-

256 1340 265 1347 ’
378 1364 522 1411 mus
564 1341 747 1410 infra.
817 1341 977 1412 Noti
1022 1344 1261 1413 denarii
1301 1348 1504 1435 gentis
1533 1349 1810 1415 Carisiae
1845 1348 1952 1414 ha·

379 1446 538 1513 bent
585 1446 653 1513 in
673 1496 683 1512 .
707 1466 833 1513 una
885 1456 1062 1536 parte
1116 1459 1302 1539 caput
1354 1448 1663 1518 Monetae
1715 1453 1953 1539 scripto

368 1546 579 1636 juxta'
611 1546 1035 1632 MONETA,
1102 1550 1187 1619 in-
1230 1551 1427 1619 altera
1478 1555 1626 1621 artis
1679 1554 1819 1642 ipsa
1861 1555 1975 1621 in·‘

275 1742 287 1759 ,
342 1660 765 1742 ‚strumenta
740 1699 760 1734 ,
833 1649 1154 1735 incudem,
1222 1653 1550 1738 mallan,
1624 1655 1951 1745 forcipem,

382 1753 607 1822 addito
677 1752 851 1843 pileo
928 1753 1228 1838 Vulcani,
1331 1778 1558 1853 nempe
1623 1759 1733 1848 qui
1802 1760 1952 1826 artis

380 1856 622 1926 fabrilis
666 1876 782 1923 rex
835 1868 901 1923 et
939 1877 1198 1944 praeses
1241 1846 1359 1925 fuit
1413 1858 1695 1946 habitus,
1765 1883 1952 1952 quor-

381 1980 524 2028 sum
563 1959 834 2048 pertinet
870 1957 1041 2026 illud
1075 1959 1280 2029 Plauti
1295 1962 1374 2044 >z

488 2132 491 2137 .
565 2065 720 2132 Tace
758 2063 1103 2144 &fabem
1155 2063 1950 2149 ςυίοιιᾱενσεοῑὼπιιηιω

1080 2161 1401 2247 plumbeos.

472 2263 749 2332 Numi
806 2230 1048 2335 veteres
1118 2275 1227 2334 aut
1291 2278 1439 2335 sunt
1500 2264 1626 2335 fusi
1684 2277 1945 2351 tantum,

377 2379 481 2437 aut
522 2366 674 2451 fusi,
725 2362 954 2434 deinde
985 2368 1282 2456 percussi.
1356 2370 1460 2436 De
1502 2370 1779 2460 utrisque
1821 2372 1947 2437 sin·

372 2470 637 2573 galatim
709 2469 1021 2557 agendum
1036 2519 1056 2553 ,
1145 2484 1289 2560 quo
1346 2480 1553 2539 tamen
1632 2474 1700 2539 in
1769 2494 1947 2567 argu·

376 2583 590 2641 mento
644 2573 843 2661 magis
910 2583 1049 2641 utar
1108 2573 1331 2641 alienis
1397 2576 1747 2665 praeceptis
1765 2624 1783 2660 ,
1844 2579 1947 2662 ju·

375 2664 681 2765 diciisque
733 2695 952 2742 eorum
968 2724 989 2758 ‚
1064 2676 1170 2763 qui
1225 2679 1583 2765 practicae
1624 2676 1773 2745 huic
1830 2679 1947 2745 arti

372 2780 675 2897 majorem
784 2796 1043 2895 operam
1152 2777 1618 2867 impenderunt,
1761 2798 1946 2869 quam

372 2882 691 2974 propriis
692 2879 904 2961 meis,
989 2876 1222 2978 additis
1283 2890 1520 2964 tamen,
1605 2880 1716 2949 ubi
1782 2901 1945 2972 epus

234 2979 251 2990 ”
377 2986 529 3067 erit,
659 2981 940 3065 monitis,
1059 2981 1805 3132 observationibusque,
1874 2995 1947 3052 ut

374 3106 608 3177 spero,
651 3105 785 3152 non
824 3083 1164 3154 inutilibus.

554 3185 802 3256 Numos
895 3181 1123 3266 veteris
1214 3191 1354 3259 ae'vi
1418 3199 1681 3274 tantum
1768 3186 1945 3259 fusos

368 3291 553 3368 haud
612 3291 805 3359 dubie
869 3289 1199 3375 habemus,
1280 3295 1443 3383 quos'
1503 3293 1668 3360 inter
1734 3311 1944 3359 nume·

372 3394 661 3463 randam·
717 3415 859 3462 esse
918 3394 1399 3464 vetustissimam
1456 3393 1775 3463 monetam
1838 3404 1946 3463 aut

371 3499 486 3567 sic'
536 3497 708 3566 dicta
768 3496 1061 3585 pondera·
1134 3498 1518 3587 populorum
1580 3497 1943 3566 Italicorum

372 3594 814 3692 praegrandia,
899 3609 969 3668 et·
1028 3600 1355 3698 insigniter
1390 3637 1403 3660 x
1435 3624 1677 3684 crassa,
1755 3605 1941 3670 nemo

326 3723 333 3732 ⁴
379 3715 507 3786 est,
572 3703 679 3791 qui
721 3712 831 3769 aut
869 3703 1152 3788 ignoret,
1186 3773 1195 3784 ‚
1234 3713 1341 3772 aut
1391 3705 1598 3793 possit
1640 3703 1943 3774 dubitare.

378 3804 475 3871 'Vt
513 3815 888 3893 praeteream
946 3815 1116 3874 certa
1157 3804 1424 3875 fusionis
1464 3805 1723 3890 indicia,
1781 3825 1942 3895 quae

372 3897 633 3976 'oculum
657 3909 748 3976 ¹in
783 3908 924 3975 hac
975 3918 1154 3998 parte
1180 3909 1299 3977 *vel
1355 3909 1581 3979 leviter
1630 3910 1942 3980 eruditum

364 4008 650 4099 effugere
726 4014 869 4079 non'
945 4021 1246 4100 possunt,
1348 4013 1668 4104 utriusque
1745 4013 1940 4103 partis

369 4114 606 4212 figurae
675 4114 860 4183 altius
928 4121 1253 4196 exstant,
1297 4135 1482 4203 quam
1547 4126 1616 4183 ut
1668 4138 1941 4207 quacun-

368 4239 498 4306 que
550 4217 801 4324 mallei
818 4217 881 4288 vi
923 4218 1016 4286 sio
1057 4217 1414 4306 potuissent
1452 4218 1681 4329 effingi.
1768 4220 1941 4309 Lege

509 4453 579 4524 Ρ)
610 4475 724 4526 1²⁸3·
759 4456 879 4511 638·
915 4448 964 4508 4·
1066 4413 1069 4416 Ἴ
1142 4454 1539 4527 q)p031070.
1582 4460 1655 4512 1..

891 4540 943 4610 t)
980 4541 1107 4596 Para
1111 4543 1198 4613 lip.
1232 4542 1289 4598 in
1324 4541 1559 4612 Dempst·
1594 4546 1709 4611 pag·
1745 4536 1865 4614 16¹2.

1614 4727 1647 4738 u-

1799 4453 1852 4524 r)
1889 4454 2304 4510 ..ιιι...ο.ιι..
2341 4459 2452 4509 Δ...
2488 4457 2632 4508 ιν..
2666 4456 2762 4507 ..2

2026 934 2145 1001 bus
2191 933 2565 1017 destinatae,
2619 936 2816 1017 refert-
2853 937 3224 1004 Passerius
3195 937 3279 1025 ).
3367 941 3444 1007 In
3489 960 3597 1007 nu·
3627 1010 3635 1023 ,

2024 1038 2143 1104 mis
2198 1037 2354 1105 susis
2406 1048 2584 1128 putat
2638 1041 2822 1106 etiam
2877 1039 2980 1109 Cl.
3042 1041 3350 1107 Beauvais
3407 1050 3599 1108 notos

2021 1139 2483 1230 Aegyptiorum
2544 1158 2778 1207 numos
2824 1144 3030 1231 gravis
3076 1143 3297 1224 aeris,
3329 1143 3398 1207 in
3443 1165 3598 1231 quo·

2022 1261 2161 1309 rum
2224 1262 2348 1311 una
2408 1254 2588 1331 parte
2666 1252 2764 1311 est
2827 1254 3014 1332 caput
3075 1242 3598 1325 Ptolemaeorum,

2023 1342 2416 1431 (praestabat
2483 1346 2723 1429 dicere,
2781 1346 2990 1413 ‘Jovis
3061 1345 3463 1432 Ammonis),
3535 1356 3601 1414 et
3709 1380 3720 1389 ·

2023 1467 2184 1534 quos
2283 1446 2570 1514 adfirmat
2659 1447 2963 1536 ponderis
3040 1447 3223 1532 loco,
3333 1447 3598 1549 perinde
3722 1542 3729 1552 ι

2020 1558 2207 1637 atque
2265 1546 2530 1617 Italicos
2574 1550 2725 1618 illos
2772 1553 3000 1633 fuisse,
3071 1568 3275 1640 neque
3330 1554 3482 1631 nisi
3506 1551 3597 1618 fu-

2021 1652 2268 1719 sionis·
2308 1670 2439 1740 ope·
2494 1657 2780 1742 potuisse
2822 1655 3147 1737 fabricari,
3206 1655 3434 1756 quibus
3489 1652 3594 1721 ad-

2020 1752 2157 1821 dit
2198 1755 2529 1857 maximam
2605 1764 2854 1846 partem
2940 1779 3306 1840 numorum,
3433 1778 3638 1844 quos,

2017 1856 2490 1926 Alexandrinos
2548 1878 2904 1941 vocamus,
2921 1854 3078 1926 sive
3132 1866 3412 1942 aeneos,¹
3462 1860 3598 1925 sive

2021 1961 2129 2048 qui
2169 1961 2368 2028 mixto
2409 1971 2669 2048 argento
2714 1961 2941 2047 (Ροιίπ)
2987 1971 3299 2038 constant.
3393 1959 3594 2025 Addit

2015 2061 2167 2128 item
2251 2083 2477 2130 numos
2558 2066 2802 2131 Graece
2877 2064 3218 2151 inscriptos
3299 2060 3594 2127 coloniae

2010 2160 2418 2248 Antiochiae,
2540 2165 2930 2253 aliarumque
3018 2166 3321 2232 Graeciae
3415 2163 3590 2229 colo·

2013 2265 2281 2355 uiarum,
2372 2265 2643 2353 denique
2726 2287 2809 2331 ex
2851 2267 3093 2347 numis
3159 2266 3402 2332 Latinis
3464 2287 3589 2332 ma-

1964 2366 2246 2435 ximam
2304 2377 2543 2457 partem
2597 2388 2926 2457 numerum
2980 2368 3265 2436 Postumi
3323 2391 3403 2435 ex
3447 2366 3594 2435 aere

2012 2472 2095 2537 Ι.
2139 2482 2204 2537 et
2251 2471 2333 2538 II.
2384 2471 2644 2543 formae.
2755 2471 3021 2549 Adserit
3082 2470 3291 2554 idem,
3361 2472 3590 2539 horum
3642 2514 3648 2523 -
3695 2544 3706 2555 x
3747 2492 3754 2499 ·

2014 2570 2204 2639 fidem
2274 2594 2604 2641 numorum
2679 2595 3071 2662 nequaquam
3159 2596 3300 2643 esse
3373 2595 3588 2663 suspe-

2021 2685 2211 2758 ctam,
2282 2696 2426 2742 nam
2488 2675 2672 2743 facile
2725 2677 3014 2743 convinci
3081 2676 3330 2742 oculum
3383 2674 3586 2742 erudi-

2019 2788 2187 2859 tum,
2284 2778 2448 2846 hanc
2544 2779 2769 2847 horum
2849 2797 3179 2876 numorum
3225 2800 3231 2807 “
3279 2778 3590 2846 fusionem

2019 2878 2284 2947 veteris
2292 2887 2440 2949 esse
2477 2879 2719 2968 op'eris,
2779 2902 2909 2947 non
2955 2882 3240 2949 moderni
3259 2889 3340 2969 ·.)
3407 2882 3587 2952 Haec
3674 2892 3681 2899 ’

2020 2985 2156 3071 ejus
2199 2981 2317 3050 viri
2359 2980 2587 3049 dictata
2629 2984 2723 3049 sic
2765 3004 2906 3052 esse
2947 3005 3098 3049 vera
3131 2969 3476 3084 existimo,
3516 2994 3600 3051 ut

2013 3093 2221 3164 tamen
2275 3083 2606 3152 dissentire
2656 3085 2725 3149 in
2782 3085 3102 3152 nonnullis
3144 3106 3351 3172 cogar.
3451 3086 3583 3152 Ne·

2015 3205 2137 3275 que
2190 3188 2355 3254 enim
2379 3188 2828 3280 persuaserit,
2885 3209 3133 3266 crassos
3187 3187 3368 3274 illos,
3421 3209 3584 3276 pon·
3651 3256 3658 3266 ,

2014 3285 2323 3380 detisque,
2380 3289 2710 3357 insolentis
2778 3312 3013 3357 aeneos
3080 3277 3584 3370 Ptolemaeorum
3684 3307 3691 3316 ‘

2011 3405 2238 3461 numos
2287 3394 2569 3477 fusione,
2625 3415 2758 3461 non
2798 3393 3066 3480 malleo,
3126 3393 3332 3461 fuisse
3365 3394 3580 3482 elabo-

2009 3506 2206 3564 rato's.
2322 3497 2486 3563 Nam
2529 3498 2794 3585 primum
2847 3497 2987 3586 typi
3028 3498 3095 3562 in
3136 3495 3237 3563 his
3281 3519 3413 3566 non
3455 3499 3583 3566 ta'm

2012 3598 2139 3668 alte
2190 3607 2469 3687 turgent,
2538 3599 2697 3668 sicut
2756 3598 2821 3664 in
2878 3599 3268 3687 ponderibus
3322 3599 3579 3683 Italicis,

1984 3701 2129 3788 ,sed
2200 3712 2349 3786 sunt
2425 3701 2640 3791 operis
2710 3702 2905 3789 magis
2963 3701 3250 3788 humilis,
3357 3704 3582 3793 cuiq‘ue
3652 3774 3655 3778 ,

2009 3804 2372 3893 peragendo
2430 3803 2613 3890 facile
2667 3802 2927 3874 malleus
2981 3825 3097 3893 par
3136 3803 3272 3871 fuit.
3385 3804 3578 3874 Dein·

2011 3906 2093 3974 de
2168 3927 2535 3995 quacunque
2607 3906 2887 3974 adhibita
2968 3929 3163 3995 opera
3242 3906 3581 4002 observare

2007 4009 2292 4077 nondum
2351 4009 2528 4077 licuit
2589 4005 2919 4096 praetensa
2960 4009 3093 4076 -illa
3157 4008 3424 4077 fusionis
3486 4012 3576 4079 in·

2010 4113 2203 4195 dicia,
2257 4111 2418 4201 quin
2479 4121 2652 4180 certa
2713 4113 2923 4180 mallei
2989 4113 3345 4181 testimonia
3400 4135 3576 4202 prae·

2010 4213 2121 4287 bet
2169 4237 2301 4326 non
2353 4214 2547 4282 modo
2599 4214 2921 4300 foramen,
3002 4216 3219 4304 quod
3231 4218 3298 4283 in
3349 4217 3576 4306 horum

3325 4365 3574 4379 --——-—--=-·-

2937 4452 3154 4518 odem
3191 4452 3336 4506 rna
3379 4450 3434 4504 di
3476 4450 3574 4505 ιι.-

2001 4540 2067 4609 ιι)
2105 4541 2236 4596 uin.
2271 4544 2444 4608 abt-63.
2479 4540 2542 4593 T.
2576 4541 2663 4610 m.
2696 4556 2807 4608 pag.
2841 4530 2958 4592 418.
