4500 5650
916 536 1018 609 46
1295 636 1309 647 ἱ
1793 490 3234 639 TARnAcoNENsis.

883 668 1072 767 'mox
1133 697 1648 780 observavimus,v
1708 690 1932 765 Celsae
1988 672 2242 764 numum
2307 698 2487 766 exhi·
3148 703 3263 769 CL
3278 701 3536 771 VNIA.

659 810 670 840 ¹
815 788 822 795 ’
915 798 1062 884 bet,
1151 801 1516 889 inscriptum
1573 796 1642 867 C.
1685 800 1768 865 V.
1818 800 1901 881 1.‚
1987 802 2058 867 in
2127 823 2256 886 quo
2322 800 2487 868 adeo
2725 800 3078 889 Supersunt
3141 802 3370 871 rudera
3431 772 3598 870 intui·
3662 802 3999 871 Gora-mn
4063 813 4133 871 et

915 905 1121 993 ipsum
1165 902 1338 997 urbis
1380 922 1612 968 nomen
1656 903 1954 968 omissum
1999 911 2123 984 est,
2177 902 2356 991 quod
2397 912 2486 969 ta·
2554 904 2802 971 Pantul.
2864 902 3089 972 Fuisse
3131 902 3481 987 coloniam,
3524 914 3687 969 unus
3726 912 3987 973 testatus
4031 914 4131 971 est

917 1024 1061 1072 men
1146 990 1296 1103 ipso
1373 1003 1608 1069 fatente
1683 1002 1981 1072 Florezio
2055 1027 2187 1071 non
2256 1005 2487 1086 obstat,
2550 1004 2980 1107 Ptolemaeus,
3122 1009 3296 1083 numi
3347 1003 3835 1073 dissimulant
3879 1016 4131 1094 praeter

905 1124 1043 1196 quo
1101 1107 1312 1172 minus
1355 1105 1413 1172 is
1457 1104 1681 1171 Celsae
1735 1107 1819 1171 sit
1859 1107 2246 1174 tribuendus.
2316 1109 2486 1187 Quo
2550 1086 2951 1175 Golzimm.
3039 1108 3402 1179 Harduinus
3430 1124 3645 1189 ιιιιιιιιι
3696 1107 3963 1195 protulit
4012 1128 4131 1175 no·

915 1230 1070 1296 ergo
1138 1213 1287 1293 jure
1365 1207 1804 1309 Carthaginem
1881 1208 2306 1277 fraudabimus
2376 1230 2489 1276 nu·
2554 1209 2767 1275 mine
2791 1207 3195 1298 MVNg‘eipii,
3301 1228 3565 1297 eumque
3620 1206 3797 1276 dixit
3860 1210 4133 1279 existere

913 1334 1058 1393 mo,
1112 1313 1181 1377 in
1213 1322 1353 1396 quo
1398 1330 1532 1375 non
1574 1309 1748 1376 urbis
1793 1332 2057 1392 nomen,
2115 1311 2230 1379 sed
2273 1310 2491 1378 titulus
2540 1313 2625 1379 ‘in
2666 1332 2886 1379 museo
2929 1313 3095 1398 regis
3141 1310 3514 1394 Gallium,
3558 1310 3675 1379 sed
3720 1333 3940 1401 quem,
3982 1312 4134 1399 quia

914 1424 1155 1481 tantum
1199 1415 1412 1478 Novae
1454 1412 1901 1499 supprimitur?
1953 1414 2274 1503 Denique,
2318 1411 2493 1503 quod
2556 1416 2811 1502 ignotus
2853 1412 2972 1481 fuit
2990 1414 3387 1505 Vaillaufin,
3443 1435 3578 1483 non
3619 1428 3953 1485 moramur
4030 1474 4043 1481 .

915 1536 1051 1582 ιιοιι
1101 1530 1321 1604 parum
1370 1532 1618 1579 oausam
1675 1534 1875 1583 meam
1923 1520 2156 1601 juvat,
2218 1518 2288 1583 in
2346 1516 2493 1582 Car·
2729 1517 3111 1601 [mperatum
3150 1526 3296 1587 sunt
3338 1531 3590 1601 omnes,
3655 1526 3723 1587 et
3762 1536 3915 1591 cum
3943 1516 4131 1582 unius
4228 1560 4233 1567 -

783 1632 795 1655 ⁸
916 1617 1189 1703 thaginis
1253 1616 1454 1682 numis
1537 1615 1796 1693 obvium
1869 1625 1967 1683 est
2041 1616 2250 1704 legere
2316 1620 2495 1685 viros
2559 1616 2800 1687 Tiberii
2845 1618 3109 1707 capite.

916 1714 1234 1808 principes
1277 1718 1639 1809 magistratu
1687 1719 1756 1784 in
1798 1739 1873 1784 ea
1915 1716 2178 1785 colonia
2219 1718 2493 1802 functe&
2727 1718 3083 1805 Epigrapke
3132 1718 3289 1791 sola
3318 1716 3680 1802 cLVNIA,
3760 1686 3941 1785 nullo
3996 1714 4139 1783 alio

914 1827 984 1890 in
1057 1822 1245 1888 certis
1307 1829 1514 1886 tamen
1585 1819 1810 1886 Celsae
1873 1821 2077 1886 numia
2150 1841 2491 1909 nunquam.
2562 1839 2776 1887 onere.

631 1940 670 1999 “,
763 1934 776 1941 “
915 1907 1040 1992 His
1083 1923 1396 2011 exposifis
1433 1922 1712 1989 eruditus
1744 1926 1876 2008 jam
1904 1920 2108 1989 lector
2143 1923 2493 1991 arbitretur.
2737 1922 2919 2007 Ruspi.-

959 2060 970 2067 ·
1085 2024 1191 2090 Ad
1254 2034 1448 2112 typos
1506 2025 1574 2090 in
1629 2024 1729 2090 his
1785 2025 1990 2091 numia
2036 2024 2212 2112 quod
2254 2025 2492 2107 attinet,
2730 2026 2861 2089 Bos
2897 2036 3093 2105 m,
3136 2022 3205 2090 ἰιι
3245 2027 3367 2091 AEl.
3407 2021 3491 2091 11.
3533 2020 3794 2089 formae.

895 2127 1075 2195 'nihil
1126 2147 1509 2244 magnopere
1567 2109 2027 2193 observandum
2081 2136 2331 2217 praeter
2391 2146 2491 2191 ca·
2728 2122 2868 2192 De
2904 2124 3090 2194 bovis
3158 2133 3321 2213 typo
3389 2120 3536 2191 vide
3597 2121 3770 2191 diota
3817 2142 4009 2213 supra
4060 2125 4130 2190 in

914 2240 1066 2319 put
1090 2230 1263 2295 numi
1334 2228 1674 2315 postremi,
1764 2228 1944 2315 quod
1997 2227 2215 2313 judice
2269 2227 2491 2294 Flore·
2560 2204 2907 2315 Calagurri-

913 2331 1018 2397 zio
1072 2324 1366 2396 evomere
1414 2348 1672 2415 aquam
1692 2328 1971 2408 videtur,
2040 2339 2107 2395 et
2157 2350 2300 2395 esse
2340 2331 2489 2397 ima·
2726 2331 2988 2410 Porcus,
3032 2329 3102 2394 in
3141 2331 3258 2396 ΛΕ.
3306 2325 3422 2395 ΠΙ.
3460 2325 3721 2395 formae.

917 2452 1004 2520 go
1064 2430 1292 2498 Hiberi
1342 2429 1647 2510 fluminis,
1720 2431 1819 2495 cui
1882 2430 2034 2497 urbs
2096 2429 2300 2495 adsita
2351 2430 2486 2513 fuit,
2725 2428 2997 2496 Videtur
3058 2427 3287 2507 animal
3355 2428 3523 2509 istud
3599 2429 3794 2516 signis
3848 2427 4126 2497 militari·
4232 2494 4241 2501 .

857 2592 868 2603 ,
916 2556 991 2603 ao
1045 2541 1408 2621 praeterea.
1469 2531 1718 2599 adlusio
1804 2530 1887 2597 ad
1957 2550 2190 2598 nomen
2264 2528 2492 2599 Hiberi
2557 2532 2676 2599 bus
2731 2531 3157 2599 Cluniensium
3209 2529 3403 2601 fuisse
3457 2530 3821 2619 praefixum.
3946 2529 4130 2627 Istud

916 2636 1104 2703 IIviri
1145 2639 1334 2720 juxta
1376 2633 1614 2721 scripti.
1744 2633 1901 2699 Non
1961 2622 2261 2722 impugno
2327 2635 2493 2701 hanc
2558 2643 2821 2717 certum,
2916 2643 3167 2703 exstare
3260 2652 3489 2701 numos
3561 2631 3923 2722 ffiapanos,
4023 2641 4135 2700 aut

918 2740 1369 2824 conjecturam,
1475 2733 1674 2826 modo
1760 2755 1845 2802 ne
1930 2736 2068 2823 quis
2155 2736 2491 2855 existimet,
2559 2738 2883 2826 commatis
2938 2737 3249 2828 Romani,
3338 2732 3456 2803 sed
3510 2737 3852 2822 argumenti
3892 2732 4127 2822 Hispa-

811 2925 826 2934 ·
917 2840 1226 2908 Hiberum
1313 2818 1576 2906 IIvirum
1642 2830 2245 2925 Carthaginiensem,
2346 2840 2494 2927 quia
2556 2840 2654 2923 ni,
2698 2841 2766 2908 in
2812 2837 3049 2928 quibus
3083 2839 3334 2926 fingitur
3377 2840 3627 2924 signum
3662 2838 3930 2908 militare
3948 2857 4127 2927 prae·

915 2942 1184 3029 longius
1229 2940 1311 3007 ab
1371 2939 1619 3007 Hibero
1675 2939 1929 3008 flumine
1981 2937 2280 3016 distabat,
2350 2962 2493 3010 cum
2558 2941 2690 3009 fixo
2732 2962 2953 3029 porco.
3043 2935 3298 3028 fPrioris
3340 2941 3587 3027 generis
3630 2939 3828 3008 babes
3872 2959 4130 3008 numm

915 3044 1112 3113 vellet
1153 3042 1235 3110 ad
1277 3063 1512 3109 nomen
1554 3047 1734 3112 suum
1776 3041 2114 3130 adludere,
2188 3063 2324 3111 ιιοιι
2375 3050 2492 3132 po‘-
2559 3065 2819 3112 aeneum
2860 3043 3031 3132 apud
3070 3043 3430 3112 Florezium
3447 3047 3536 3126 “,)
3604 3043 3713 3131 qui
3755 3043 3917 3111 sistit
3954 3042 4128 3128 equi-

913 3149 1115 3215 tuisse
1197 3146 1557 3213 remotioris
1642 3144 1816 3210 fluvii
1890 3146 2219 3232 imaginem
2299 3168 2491 3213 numo
2557 3158 2685 3216 tem
2770 3147 2975 3214 simile
3059 3148 3305 3263 signum
3388 3165 3576 3212 manu
3640 3144 4127 3242 praeferentem3

914 3247 1164 3315 inferre.
1280 3242 1493 3333 Magis
1535 3245 1861 3329 miremur,
1926 3248 2198 3330 Xanthi,
2265 3250 2373 3336 qui
2414 3251 2492 3315 in
2559 3248 2815 3320 alterius
2883 3248 3130 3346 generis
3176 3234 3500 3316 denarios
3580 3248 3783 3334 gentis
3846 3244 4129 3328 Coeliae,

918 3349 1176 3417 'Troade
1216 3347 1434 3430 fluxit,
1503 3358 1567 3414 et
1606 3369 1842 3416 nomen
1884 3359 1949 3417 et
1986 3350 2316 3442 im‘agmem
2354 3349 2491 3417 illa·
2557 3363 2623 3419 et
2666 3351 2913 3419 Galbae
2947 3351 3246 3438 Augusti,
3320 3351 3389 3418 in
3443 3370 3709 3440 quorum
3759 3343 4129 3438 explicatio·

921 3462 1050 3520 tam
1116 3450 1321 3516 numia
1394 3450 1940 3544 Germanicopolis
2000 3449 2489 3540 Paphlagoniae.
2554 3475 2641 3522 ne
2709 3445 2893 3542 plura
2952 3452 3109 3520 huc
3154 3453 3531 3540 pertinentia
3592 3450 4128 3532 memor-abutum,

920 3549 1234 3633 Hiberus,
1319 3551 1815 3640 Tarraconensis
1891 3553 2220 3620 fluviorum
2292 3562 2488 3642 pater,
2557 3563 2686 3624 tum
2742 3565 2806 3622 et
2844 3557 2913 3621 in
2953 3545 3431 3672 prolegomenis
3467 3552 3551 3620 ad
3590 3573 3816 3622 numos
3858 3553 4129 3622 Galliae.

917 3662 1018 3721 et
1035 3674 1077 3719 a
1125 3673 1255 3739 quo
1300 3651 1613 3760 Hispania
1664 3653 1880 3722 omnis
1913 3655 2216 3722 Hiberiae
2258 3676 2491 3723 nomen
2520 3657 2810 3725 Nexum
2862 3656 3044 3745 porci
3096 3655 3382 3723 animalis
3438 3677 3579 3722 cum
3626 3665 3846 3723 nostra
3903 3654 4131 3721 Clunia

920 3752 1209 3837 abstulit,
1319 3753 1527 3842 neque
1613 3757 1798 3822 etiam
1877 3757 2487 3843 Carthaginiensibus
2554 3779 2769 3848 magur
2834 3757 3161 3826 confirmat
3228 3758 3535 3845 signum
3566 3759 3751 3846 porci
3821 3747 4128 3838 incusum,

779 3923 792 3930 -
921 3867 1028 3926 aut
1069 3858 1325 3944 ignotus
1365 3857 1492 3922 au't
1511 3841 1924 3926 inhonoratus
1968 3865 2116 3926 esse
2147 3858 2383 3926 debuit.
2558 3861 2735 3951 quod
2831 3853 3188 3958 frequenter
3284 3857 3625 3930 inhaerere
3707 3859 4128 3948 conspicimus

1013 3959 1195 4024 ‘De
1238 3961 1650 4046 Praestiteris,⁸
1671 3982 1832 4050 quos
1875 3969 2256 4034 memorant*
2272 3961 2341 4027 hi
2381 3982 2491 4028 ιιιι-
2556 3964 2772 4048 numia
2813 3943 3074 4031 Cluniae
3126 3963 3329 4052 primo
3382 3962 3533 4029 loco
3560 3961 3943 4034 :memoratis
3987 3979 4130 4028 oum

819 4105 844 4160 T
915 4063 1040 4143 mi,
1117 4061 1222 4127 hic
1275 4084 1408 4130 non
1463 4063 1735 4149 agimus,
1806 4084 1951 4130 nam
1993 4063 2060 4128 in
2103 4072 2369 4131 tractatu
2411 4063 2493 4131 de
2558 4075 2718 4156 typo
2762 4064 2947 4136 bovis
2989 4065 3229 4133 stantis.

921 4159 1201 4230 coloniis
1259 4164 1566 4256 Cap.1V.
1609 4170 1648 4251 ξ
1679 4167 1741 4237 3.
1788 4165 2218 4234 describentur
2272 4168 2492 4235 iterum
3162 4166 3201 4206 ¹*
3323 4212 3360 4251 a
3485 4167 3522 4206 '¹‘
3635 4225 3641 4231 -

926 4275 993 4333 et
1035 4264 1528 4353 explicabuntur.
1785 4351 1796 4358 „
2203 4355 2212 4364 ο
2316 4360 2323 4366 ·
2727 4269 3167 4354 Μαρωνιτῶν·
3150 4317 3165 4333 .

875 4371 886 4383 ”
983 4437 998 4450 .
1090 4373 1208 4435 Ε.
1254 4367 1338 4435 R.
1743 4381 1750 4386 ’
1941 4427 1977 4438 ..
2123 4467 2144 4492 .
2318 4385 2322 4390 ·
2727 4371 3003 4492 ullae-i,
3053 4371 3121 4436 in
3164 4368 3307 4437 sola
3348 4377 3681 4456 praeterea.
3714 4363 3957 4431 Carteia
3997 4382 4126 4430 me·

987 4657 1010 4671 .-
1054 4581 1120 4649 ιι)
1157 4581 1295 4640 Tnlr·
1331 4558 1503 4644 u'rm.
1539 4610 1591 4642 n·
1630 4593 1681 4665 5?

1257 4887 1298 4933 Χ
