4500 5650
900 575 1187 631 cxxxrv
1811 553 2557 633 PROLEGOMENA
2627 551 3204 629 GENERALIA.

902 719 1232 791 barbaram
1284 713 1774 805 praeferentibus
1790 763 1810 796 ‚
1885 714 2026 787 aliis
2073 739 2209 785 eam
2223 767 2243 797 ‚
2322 737 2483 805 quae
2521 716 2681 804 ‘quo
2749 714 2833 784 de
2905 720 3274 804 argumento
3347 714 3600 785 abunde
3669 726 3876 789 actum
3947 716 4139 799 alias.

818 824 829 837 “
896 832 1135 890 rectum
1194 825 1328 906 jam
1400 820 1741 885 tramitem'
1782 817 1865 885 ad
1933 820 2082 885 artis
2145 818 2479 935 perfeetio-
2553 820 2850 889 Ceterum
2937 830 3482 909 quantumcunque
3562 818 3900 888 barbaram
3985 820 4140 889 dixi

895 943 1043 991 nem
1067 924 1349 1009 ingressa
1375 932 1487 989 est.
1555 920 1785 1011 Neque
1810 921 1993 987 aliter
2025 922 2278 991 evenire
2316 919 2486 986 istud
2549 922 2882 1010 picturam,
2954 931 3164 990 tamen
3229 921 3488 991 multum
3553 933 3832 1012 praestat
3882 923 3970 990 iis
4027 925 4140 991 rei

900 1026 1149 1115 potuit,
1211 1024 1507 1112 quoniam
1589 1023 1821 1091 finibus
1877 1023 2028 1092 satis
2081 1022 2244 1089 laxis
2317 1021 2483 1088 hane
2546 1024 2928 1095 monetariae
3000 1024 3361 1108 abortibus,
3425 1046 3600 1112 quos
3677 1024 3831 1119 olim
3898 1024 4136 1117 populi

897 1127 1208 1216 epocham
1293 1126 1903 1212 circumscripsimus.
2069 1126 2282 1204 Quare
2367 1144 2478 1190 nu·
2545 1148 2695 1197 vere
2780 1127 3034 1197 barbari
3118 1148 3546 1215 progenuere,
3634 1149 3750 1193 ceu
3807 1126 3970 1194 Daci
4051 1137 4132 1197 et

902 1233 1025 1312 mi,
1082 1238 1319 1318 quanto
1375 1227 1572 1314 magis
1617 1237 1763 1297 sunt
1804 1225 2089 1309 barbari,
2140 1234 2318 1293 tanto
2374 1236 2481 1293 aut
2544 1228 2763 1301 Moesi
2842 1227 3148 1295 imitando
3225 1251 3453 1297 numos
3522 1250 3740 1316 regum
3812 1227 4130 1298 Macedo-

900 1332 1115 1400 altiori
1174 1330 1449 1417 tempori
1502 1329 1840 1412 debentur,
1921 1339 2028 1397 aut
2080 1327 2482 1399 existimandi
2544 1332 2717 1413 niae,
2769 1331 3156 1399 Thasiorum
3201 1340 3322 1400 etcz
3344 1379 3364 1412 ,
3454 1331 3629 1398 Galli
3669 1352 3897 1399 numos
3940 1328 4128 1398 Mas—

894 1443 1042 1501 sunt
1093 1433 1320 1519 signati
1368 1434 1437 1499 in
1488 1431 1645 1499 urbe
1663 1479 1683 1512 ,
1754 1452 1915 1520 quae
1965 1453 2144 1500 veras
2189 1432 2340 1497 artis
2382 1430 2470 1515 le·
2534 1428 2712 1501 siliae
2783 1444 2901 1501 etc.
2924 1482 2943 1516 ,
3001 1453 3208 1521 neque
3258 1433 3619 1501 mirabimur
3636 1482 3656 1512 ,
3731 1436 4128 1502 Graecorum

898 1556 1013 1623 ges
1055 1535 1338 1602 nondum
1398 1534 1665 1620 recepit,
1725 1533 1901 1620 qnod
1958 1554 2078 1625 nos
2134 1531 2471 1603 discrimen
2536 1545 2731 1603 artem
2773 1535 2893 1602 sub
2939 1536 3089 1612 artis
3129 1536 3358 1620 initiis,
3404 1557 3588 1623 quam
3629 1535 3755 1624 ipsi
3794 1536 4123 1621 invenere,

901 1638 1185 1724 cogimur
1236 1636 1501 1724 perinde
1556 1632 1821 1718 habere,
1889 1636 2035 1723 quia
2097 1638 2231 1720 ejus
2291 1648 2469 1721 repe·
2536 1638 2729 1707 fuisse
2796 1637 3161 1719 barbaram,
3242 1638 3504 1725 quando
3575 1640 3904 1731 memorati
3970 1637 4122 1707 bar-

900 1739 1113 1807 riundi
1169 1738 1433 1804 facultas
1480 1741 1617 1823 jam
1671 1758 1804 1803 non
1846 1747 2190 1825 superest„
2263 1736 2470 1822 Hujus
2536 1741 2675 1808 bari
2747 1741 3062 1809 inventam
3120 1740 3200 1806 ab
3240 1740 3414 1821 iis,
3482 1738 3948 1827 perfectamque
4018 1759 4121 1805 ar-

900 1841 1093 1928 igitur
1170 1838 1454 1925 epochae
1541 1860 1768 1907 numos
1852 1838 2195 1906 secundum
2273 1839 2477 1905 varias
2542 1852 2669 1909 tem
2712 1863 2845 1908 non
2887 1850 3183 1929 poterant
3223 1841 3348 1907 nisi
3391 1841 3662 1925 barbare
3698 1840 3947 1909 imitari.

906 1942 1191 2031 picturae
1236 1962 1457 2007 causas
1501 1941 1922 2029 inspiciamus.
2714 1943 2896 2010 Alter
2959 1942 3189 2011 modus
3255 1942 3404 2009 huic
3476 1941 3759 2031 epochae
3821 1941 4123 2029 proprius
4193 1962 4208 1971 “

860 2117 869 2128 ⁴
1070 2042 1383 2109 Picturam
1462 2041 1767 2109 barbarae
1860 2021 2128 2111 adfinem
2207 2041 2480 2109 offerunt
2542 2046 2610 2112 in
2658 2045 2943 2113 violento
3000 2044 3422 2115 membrorum
3465 2055 3674 2127 motu,
3742 2053 3955 2129 gestu,
4015 2052 4121 2110 to·

856 2220 875 2233 N
896 2142 1069 2212 numi
1129 2144 1543 2230 antiquissimi
1585 2145 1893 2211 variarum
1939 2145 2165 2211 Cretae
2203 2144 2471 2223 urbium,
2541 2149 2786 2236 tiusque
2831 2147 3119 2235 corporis
3148 2136 3270 2215 situ
3301 2148 3609 2213 consistit.
3694 2146 3977 2235 Insignis
4002 2145 4122 2212 hu·

896 2232 1455 2324 Eleuthernarum,
1544 2244 1766 2326 Lyce,
1841 2243 2135 2326 Rhauei,
2166 2322 2173 2329 .
2207 2266 2474 2334 quorum
2531 2251 2640 2332 Jus
2695 2248 2826 2315 stili
2877 2249 3169 2335 exempla
3225 2249 3632 2337 suppeditant
3683 2249 3878 2327 numi,
3948 2268 4123 2334 quos

893 2348 1245 2413 iconismos
1304 2345 1451 2413 vide
1511 2345 1680 2432 apud
1735 2345 2103 2413 Hunterum.
2232 2345 2477 2413 Ibidem
2543 2357 2805 2436 propter
2864 2349 3019 2416 alias
3074 2371 3296 2419 omnes
3340 2373 3560 2421 causas
3603 2371 3860 2417 necesse
3901 2358 4000 2415 est
4039 2349 4120 2416 in

897 2449 1071 2515 numi
1126 2447 1452 2532 insigniter
1505 2446 1743 2533 antiqui
1807 2443 2158 2511 Phaselidis
2211 2446 2469 2528 Lyciae.
2539 2450 2981 2536 antiquissimis
3023 2460 3259 2538 putare.
3366 2453 3445 2519 In
3501 2470 3694 2519 numo
3749 2450 3919 2538 apud
3970 2450 4122 2519 Pel·

896 2549 1203 2635 Ejusdem
1242 2560 1388 2615 sunt
1429 2558 1687 2615 naturae
1728 2550 1900 2615 numi
1940 2546 2088 2613 inde
2131 2570 2169 2613 a
2212 2547 2471 2615 Goltzio
2539 2550 2824 2616 lerinium
2874 2553 3124 2644 (Suppl.
3154 2554 3264 2621 IV.
3296 2553 3424 2620 tab.
3459 2554 3541 2621 ΙΙ.
3581 2575 3666 2624 ιι.·
3655 2556 3819 2633 -.10)
3871 2551 4119 2641 Apollo

893 2652 1108 2720 Lesbo
1153 2651 1402 2747 tributi,
1476 2650 1594 2718 sed
1652 2672 1813 2739 quos
1857 2671 2027 2717 nune
2071 2660 2212 2717 esse
2253 2649 2470 2718 Mace·
2537 2651 2740 2720 nudus
2783 2653 2954 2719 flexo
2983 2655 3297 2722 violenter
3339 2656 3596 2723 sinistro
3640 2677 3809 2742 genu
3852 2654 4160 2722 dextera‘

894 2755 1166 2823 donieos
1211 2763 1385 2820 certo
1446 2761 1725 2834 constat,
1799 2762 1869 2819 ut
1924 2751 2167 2818 dicetur
2220 2752 2289 2818 ἱιι
2337 2774 2469 2818 mo·
2535 2753 2849 2844 plectrum
2896 2756 3150 2824 attollit.
3259 2756 3337 2824 In
3378 2778 3570 2836 numo
3616 2758 3846 2824 Cnossi
3890 2756 4118 2828 Cretae

896 2868 1042 2926 neta
1083 2856 1307 2937 Lesbi,
1366 2857 1474 2944 qui
1515 2856 1858 2923 violentum
1897 2853 2177 2924 mulieris
2222 2831 2469 2942 raptum
2537 2855 2937 2924 Minotaurus
3000 2859 3173 2926 humi
3259 2860 3516 2930 sinistro
3604 2882 3771 2947 genu
3853 2860 4124 2930 innixus

895 2953 1220 3034 exhibent.
1301 2958 1376 3024 In
1419 2958 1551 3039 his,
1597 2966 1666 3024 ut
1703 2956 1946 3050 reliqua
1987 2956 2268 3044 picturae
2291 2978 2469 3026 mon·
2536 2956 2798 3026 dextera
2863 2960 3125 3046 globum
3194 2961 3460 3044 attollit,
3537 2963 3863 3030 sinistram
3931 2959 4114 3029 nulla
4153 3015 4178 3024 -

894 3075 1025 3134 stra
1067 3072 1482 3152 praeteream,
1559 3059 1694 3127 sive
1748 3058 2008 3125 dextera
2069 3055 2347 3126 mulieris
2401 3062 2469 3127 in
2535 3071 2874 3149 apparente
2975 3081 3164 3130 eausa
3261 3063 3630 3151 distorquet.
3777 3063 4108 3151 (Penei-in.

894 3168 1088 3236 altum
1131 3166 1323 3245 elata,
1398 3164 1533 3229 sive
1591 3162 1843 3230 sinistra
1895 3160 2165 3228 demissa
2217 3155 2468 3232 omnem
2536 3163 2688 3230 Reo.
2735 3164 2884 3250 111.)
2981 3165 3058 3236 Ῑιι
3107 3165 3313 3233 numis
3369 3165 3734 3234 camerinae
3790 3165 3960 3233 idem
4014 3173 4114 3246 est

883 3273 1098 3356 justae
1143 3285 1472 3333 mensurae
1515 3263 1773 3329 modum
1802 3262 2137 3330 excedunt.
2221 3264 2467 3343 Quibus
2535 3263 2843 3333 Nemesis
2867 3266 3322 3354 ingeniculatae
3373 3267 3553 3334 situs.
3664 3265 3858 3340 Adde
3908 3268 4112 3336 inces-
4179 3287 4224 3318 '-

895 3370 1069 3437 numi
1119 3367 1243 3455 ipsi
1297 3365 1551 3453 praesto
1596 3384 1730 3430 non
1772 3373 1947 3444 sunt,
2022 3364 2207 3430 adeat
2250 3387 2468 3433 eorum
2536 3381 2690 3433 sum
2742 3363 2990 3436 Crimisi
3065 3378 3328 3436 naturae
3397 3367 3589 3458 plane
3655 3367 3972 3437 inimicum
4038 3372 4113 3440 in

756 3555 761 3560 .
893 3470 1195 3558 imagines
1242 3467 1410 3555 apud
1454 3465 1825 3532 Hunterum.
1911 3463 2103 3551 (Tab.
2147 3469 2252 3536 33.
2292 3488 2357 3533 ιι.
2407 3474 2466 3539 1.
2533 3470 2738 3536 nuruis
2789 3449 3089 3559 Segestae
3143 3472 3413 3539 Siciliae.
3530 3471 3728 3551 Quod
3775 3473 3844 3539 in
3894 3470 4111 3559 figuris

864 3576 1063 3660 -seq.)
1167 3571 1406 3650 Erunt,
1481 3569 1589 3655 qui
1645 3587 1895 3633 causam
1935 3566 2282 3654 requirent,
2356 3590 2468 3637 eur
2533 3568 2819 3640 humanis
2879 3572 3149 3660 placuit,
3211 3569 3494 3663 placuit
3506 3571 3692 3642 etiam
3749 3574 3817 3642 in
3871 3574 4109 3661 fflgen·
4187 3587 4208 3593 ‘

892 3674 1106 3742 malim
1155 3691 1384 3738 nmnos
1441 3669 1673 3736 similes
1731 3665 2010 3754 signatos
2055 3678 2327 3737 statuere
2365 3692 2464 3739 re·
2531 3671 2630 3739 dis
2685 3674 3039 3746 animalium
3101 3677 3397 3742 motibus.
3513 3675 3720 3742 Nihil
3764 3676 4106 3747 violentius

893 3786 1072 3846 moto
1116 3774 1234 3842 illo
1280 3794 1470 3854 aevo,
1544 3781 1606 3838 et
1661 3771 1778 3839 sub
1833 3772 1981 3838 artis
2027 3770 2306 3839 Gra'ecae
2348 3774 2464 3839 ini-
2529 3785 2705 3843 motu
2761 3798 3018 3865 caprae,
3086 3797 3247 3865 quae
3295 3776 3546 3864 fingitur
3598 3778 3666 3868 in
3705 3780 3913 3846 nnmis
3955 3799 4109 3872 qna-

891 3880 1033 3960 tiis,
1108 3899 1183 3948 ac
1239 3896 1372 3943 non
1429 3874 1641 3962 potius
1695 3872 1809 3939 illa
1858 3882 2092 3955 aetate,
2176 3896 2301 3963 qua
2362 3898 2464 3944 ars
2529 3875 2927 3967 liumcunque
3023 3878 3337 3966 Aegarum
3448 3879 3619 3967 apud
3703 3881 4104 3970 -Ηιιιιῐοιιιιιι,
4123 3882 4152 3906 ’·

892 4004 1008 4070 per
1075 3982 1349 4048 Graecas
1416 3977 1605 4042 urbes
1675 3998 1715 4041 a
1777 3996 2016 4041 summa
2078 3977 2466 4064 perfectione
2533 3976 2708 4063 (Tab
2762 3984 2864 4048 16.
2907 4001 2982 4045 ιι.
3023 3986 3124 4050 13.
3172 3986 3275 4051 14.
3324 3981 3470 4067 15.)
3543 3976 3736 4052 adde
3750 3993 3995 4052 taunun
4032 3995 4104 4054 et

894 4082 978 4150 ad
1035 4080 1314 4148 ultimam
1369 4076 1721 4145 barbariem
1781 4077 2080 4165 prolapsa
2146 4088 2260 4144 est.
2375 4082 2466 4148 At
2530 4079 2780 4146 leonem
2872 4081 2940 4146 in
3040 4102 3233 4148 numo
3320 4081 3630 4162 Acantlri
3675 4083 4105 4156 Macedoniae

868 4183 1079 4266 ,facile
1122 4192 1249 4264 est,
1273 4180 1550 4266 ‚dubium
1578 4178 1749 4246 istud
1777 4178 2096 4266 expedire.
2145 4232 2150 4236 .
2184 4180 2465 4250 Praeter·
2532 4180 2700 4268 apud
2741 4180 3026 4252 eundem.
3113 4184 3305 4269 (Tab.
3353 4191 3412 4255 1.
3456 4206 3522 4254 n.
3572 4188 3709 4267 16.)
3797 4189 3923 4268 Qui
3962 4189 4101 4258 vio·

894 4308 1081 4376 quam
1134 4284 1311 4373 quod
1353 4283 1687 4371 peristases
1729 4299 1921 4369 supra
1961 4280 2206 4348 adlatae
2247 4305 2466 4352 eorum
2529 4281 2741 4351 lentos
2818 4286 3110 4374 eorporis
3189 4296 3399 4354 motus
3480 4288 3675 4356 fuisse
3755 4273 4100 4374 artifim‘bpi

894 4388 1324 4506 antiquitatem
1366 4384 1726 4465 stabiliunt,
1790 4401 2051 4450 necesse
2095 4381 2290 4468 foret,
2345 4407 2460 4454 eos
2526 4386 2807 4456 Etruscis
2848 4389 3147 4476 proprios
3207 4389 3529 4471 dixerunt,
3599 4389 3837 4464 habent
3887 4395 3954 4461 in
3996 4393 4103 4463 his

897 4490 1228 4558 detrudere
1292 4490 1360 4556 in
1429 4509 1504 4555 ea
1573 4495 1885 4574 tempora,
1974 4482 2201 4573 quibus
2273 4488 2460 4557 urbes
2527 4489 2730 4556 nnmis
2816 4490 3106 4578 exempla
3181 4483 3744 4561 vetustissimorum
3818 4496 4102 4565 Graeco·

897 4592 1175 4659 Graecae
1241 4591 1424 4658 ferire
1485 4597 1810 4702 monetam
1857 4586 2101 4677 pridem
2152 4587 2458 4677 desivero,
2527 4607 2698 4676 rum,
2775 4613 2853 4660 ac
2914 4593 3068 4662 mihi
3130 4591 3384 4718 quidem
3448 4594 3781 4666 verisimile
3844 4617 4103 4687 semper
