4500 5650
304 1522 313 1527 ’
432 1523 796 1591 illustrium.

1659 440 2183 563 cAnv'r
2283 420 2436 517 xx.

435 609 559 677 stri
625 627 699 672 ac
771 603 1069 692 singulari
1142 605 1212 671 in
1275 603 1552 671 fraudem
1622 602 2017 672 inducantur.'

434 711 600 795 Ejus
668 708 918 794 generis
998 715 1143 773 sunt
1219 708 1392 773 numi
1462 707 1690 795 Graeci
1765 706 2015 790 Priami,

434 809 719 891 Paridis,
817 807 1140 890 Helenae,
1235 808 1520 889 Aeneae,
1622 808 2016 898 aliorumque

438 931 695 1028 regum,
755 911 1018 992 ducum,
1095 908 1655 998 philosophorum,
1712 912 1819 998 qui
1862 910 2014 977 olim

442 1013 717 1081 nominis
783 1014 883 1079 sui
946 1011 1110 1081 fama
1176 1011 1394 1078 orbem
1453 1011 1808 1097 replevere,
1889 1011 2014 1080 sed

444 1136 714 1203 quorum
782 1115 992 1200 imago
1050 1132 1365 1201 nunquam
1417 1123 1626 1181 vetere
1676 1135 1833 1182 aevo
1897 1135 2011 1182 nu-

440 1219 562 1286 rnis
630 1218 749 1285 fuit
819 1217 1067 1283 inlata.-
1160 1215 1412 1282 Eodem
1482 1216 1807 1303 pertinent
1845 1217 2015 1282 numi

434 1319 652 1388 Latini
718 1317 1131 1401 Hannibalis,
1229 1318 1578 1405 Scipionis,
1668 1318 2011 1400 Ciceronis,

436 1422 708 1489 aliorum
795 1422 1040 1489 Romae
1125 1428 1190 1486 et
1276 1419 1667 1506 Carthaginis
1737 1420 2013 1488 virorum

902 1523 1140 1590 Omnes
1193 1520 1261 1587 hi
1301 1523 1476 1588 numi
1515 1531 1665 1589 ιιιιιι
1685 1521 2015 1589 manifesta

432 1624 808 1715 praeferunt
880 1623 1087 1711 operis
1138 1625 1391 1690 novicii
1459 1624 1721 1704 indicia,
1791 1634 1860 1690 ut
1919 1623 2012 1711 pi·

434 1737 591 1815 geat
633 1728 696 1792 ei
746 1708 1220 1812 comprobando
1265 1724 1518 1811 longius
1561 1726 1896 1795 immorari.
1962 1798 1974 1814 ‚

616 1824 808 1895 Numi
894 1827 1258 1894 consulares
1273 1876 1293 1909 ,
1392 1847 1658 1945 quornm
1741 1827 2015 1893 maxima

432 1951 587 2018 pars
674 1939 776 1996 est
858 1950 945 1995 ex
1014 1937 1303 2016 argento,
1388 1929 1607 2016 paucis
1672 1928 1875 1995 aureis
1950 1936 2014 1994 et

436 2032 690 2113 aeneis,
756 2052 892 2098 non
966 2040 1095 2097 tam
1161 2032 1516 2120 frequenter
1589 2028 1690 2097 ad„
1731 2028 2013 2096 fraudem

437 2134 653 2200 vocati
702 2143 874 2215 sunt,
949 2153 1136 2248 qnam
1190 2133 1362 2198 numi
1412 2151 1628 2217 regum
1690 2141 1755 2199 et
1816 2133 2008 2217 impe·

434 2242 746 2317 ratorum,
836 2233 983 2321 quia
1046 2234 1248 2300 minus
1313 2232 1498 2299 avide
1560 2255 1601 2298 a
1651 2232 1749 2299 rei
1797 2252 2012 2317 mone·

266 2303 275 2307 -
390 2357 395 2360 ’
437 2337 638 2407 tariae
704 2334 1009 2402 studiosis
1063 2343 1454 2422 expetuntur.
1573 2334 2013 2422 Praeterquam

438 2436 619 2526 quod
681 2438 870 2525 pauci
932 2438 1324 2526 reperiuntur
1380 2436 1475 2502 sic
1535 2437 1672 2504 sani
1725 2446 1789 2504 et
1838 2438 2011 2503 inco·

438 2538 673 2623 lumen,
757 2550 831 2607 ut
879 2538 1032 2607 inde
1097 2539 1298 2607 forma
1346 2537 1429 2605 ad
1490 2537 1801 2605 fusionem
1865 2549 2010 2626 apta

440 2642 673 2711 confici
710 2642 948 2729 possit,
991 2642 1102 2710 vix
1145 2650 1290 2709 sunt
1330 2640 1552 2728 aliqui,
1592 2642 1649 2707 si
1686 2643 2008 2708 restitutos

439 2767 487 2813 a
549 2746 827 2832 Trajano
898 2743 1144 2823 demas,
1216 2743 1443 2833 quibus
1513 2763 1704 2832 supra
1774 2743 2011 2809 metalli

3410 422 3664 515 cxxvu'
3701 420 3768 457 '¹'

2095 607 2225 673 sint
2272 604 2592 671 commatis
2637 602 2958 693 moderni,
3025 602 3274 673 tametsi
3326 601 3674 701 adfirmare*

2081 706 2314 789 nolim,
2387 727 2519 772 non
2560 706 2828 774 existere
2871 704 3117 794 aliquos
3161 705 3356 773 fusos.
3476 707 3654 784 Quo·

2081 810 2247 875 circa
2318 812 2500 895 cujus
2559 808 2865 897 cupiditas
2907 811 2995 891 -in
3069 830 3294 881 numos
3359 806 3652 874 consula·

2080 933 2182 978 res
2245 910 2439 980 fertur
2456 960 2476 993 ‚
2549 912 2753 978 minus
2816 910 3210 997 falsariorum
3283 911 3652 999 praestigias

2077 1012 2603 1102 pertimescendas
2646 1013 2858 1080 habet.

2249 1114 2442 1181 Numi
2516 1115 2910 1182 coloniarum
2963 1115 3385 1180 Romanarum
3451 1108 3648 1177 multo

2084 1214 2289 1282 adhuc
2360 1216 2597 1300 minus,
2700 1239 2883 1305 quam
2959 1215 3350 1298 consulares,
3448 1212 3652 1279 fraudi

2081 1339 2296 1384 ansam
2353 1316 2628 1403 dedere,
2694 1320 2841 1408 quia
2892 1316 3179 1401 rudioris
3203 1324 3362 1383 sunt
3379 1306 3649 1409 operm,

2079 1441 2155 1485 ac
2237 1429 2574 1508 propterea
2642 1442 2760 1486 eos
2831 1421 3098 1486 imitari
3142 1427 3241 1485 est
3319 1416 3649 1483 difficilius.

2082 1523 2322 1589 Omnes
2393 1523 2581 1608 igitur
2629 1521 2817 1607 hujus
2871 1522 3090 1589 classis
3148 1520 3319 1587 numi
3377 1521 3443 1585 in
3499 1519 3652 1584 anti·

2082 1625 2221 1711 quis
2264 1618 2533 1710 possunt
2573 1626 2816 1711 putari,
2885 1644 3094 1711 neque
3145 1621 3333 1687 facile
3376 1621 3649 1701 memini,
3753 1706 3756 1713 y

2078 1725 2145 1790 in
2186 1726 2287 1792 his
2330 1747 2429 1790 me
2470 1726 2750 1813 spurium
2793 1723 3064 1812 aliquem
3106 1722 3357 1790 vidisse.

2253 1828 2540 1907 Quinarii
2604 1848 2736 1894 non
2802 1829 3036 1909 minus,
3118 1846 3302 1912 quam
3366 1823 3474 1890 alii
3539 1823 3650 1887 im·

2080 1937 2440 2017 peratornm
2513 1926 2682 1994 numi
2754 1927 3036 1995 fraudem
3117 1935 3432 2017 recentem
3505 1928 3652 1989 sunt

2081 2031 2342 2125 experti.
2453 2031 2692 2097 Eorum
2743 2029 2953 2111 multi,
3019 2039 3161 2095 tam
3188 2027 3390 2109 aurei,
3462 2045 3651 2114 quam

2079 2132 2388 2218 argentei,
2457 2132 2582 2199 fusi
2634 2140 2989 2198 occurrunt.
3106 2129 3278 2209 Quin
3328 2128 3525 2214 magis
3579 2127 3649 2192 in
3715 2156 3750 2219 j

2077 2234 2179 2325 his
2220 2234 2515 2300 cautione
2569 2256 2731 2322 opus
2775 2243 2899 2314 est,
2968 2226 3117 2318 quia'
3172 2230 3442 2298 denariis
3491 2227 3648 2303 mul-

2077 2346 2147 2404 to
2193 2346 2339 2403 sunt
2379 2337 2670 2403 rariores.
2753 2337 2994 2401 Tamen
3033 2333 3113 2401 ab
3145 2333 3265 2400 hac
3291 2332 3651 2420 suspicione

2077 2437 2266 2505 liberi
2343 2447 2488 2504 sunt
2556 2436 2736 2504 numi
2803 2436 3051 2518 serrati,
3141 2457 3446 2539 quorum
3473 2432 3651 2501 multi

2077 2549 2413 2607 occurrunt
2476 2539 2641 2606 inter
2704 2558 2930 2606 numos
3003 2520 3446 2618 familiarum,
3497 2535 3647 2623 quin

2076 2652 2140 2709 et
2180 2641 2331 2708 Julii
2375 2641 2660 2742 Caesaris
2676 2690 2695 2723 ‚
2756 2640 2854 2709 Μ.
2897 2639 3197 2723 Antonii,
3255 2649 3319 2706 et
3359 2637 3647 2725 Augusti,

2079 2766 2118 2809 a
2203 2742 2429 2831 quibus
2515 2743 2832 2813 imitandis
2901 2745 3326 2832 impostorum
3394 2737 3649 2807 avaritia

437 2845 729 2914 valorem
812 2846 985 2914 aliud
1057 2854 1383 2933 praeterea
1459 2846 1723 2932 pretium
1810 2845 2015 2912 soleat
2080 2845 2382 2912 hactenus
2445 2846 2754 2912 abstinuit
2785 2844 2886 2930 ¹¹⁵),
2978 2845 3204 2933 quibus
3269 2842 3438 2910 adde
3497 2861 3645 2908 con·

392 3037 399 3042 .
436 2949 767 3014 constitui.
878 2948 1057 3027 Quae
1109 2969 1298 3014 causa
1330 2945 1484 3029 fuit,
1548 2969 1658 3013 cur
1711 2947 2012 3040 hactenus

431 3047 847 3130 falsariorum
926 3048 1320 3137 cupiditatem
1405 3068 1539 3116 non
1621 3033 2011 3115 irritaverint.

434 3152 578 3219 vix
622 3150 906 3234 credam,
966 3151 1194 3219 horum
1241 3151 1503 3239 reperiri
1557 3141 1849 3262 aliquos?
1906 3152 2013 3241 qui

2080 2948 2421 3029 torniatos‚
2506 2947 2653 3034 quia
2726 2967 2913 3012 causa
2975 2944 3306 3031 singularis
3372 2943 3647 3011 fabricae

2082 3049 2400 3126 difficilem
2440 3048 2678 3119 habent
2717 3045 3005 3116 imitandi
3045 3055 3276 3116 artemae

1517 3440 1595 3544 c
1665 3421 1897 3545 Αἰ)
1964 3442 2058 3547 v
2130 3440 2218 3544 T
2311 3439 2557 3576 xxx.

1010 3624 1136 3700 De
1186 3627 1440 3700 numzsss
1491 3631 2085 3704 monetariorum
2132 3615 2454 3706 veter-uin
2477 3617 2728 3724 ‘culpa
2778 3624 3072 3700 oz‘tzbsis.

456 3774 737 3872 Etiam
768 3802 939 3869 istud
1015 3814 1438 3891 argumentum
1514 3817 1775 3896 propter
1856 3806 2011 3874 mul-

436 3904 692 3996 tiplices
785 3904 939 3971 artis
1042 3907 1357 3974 numariae
1443 3927 1657 3977 causas
1745 3919 2009 3979 tractan-

433 4006 596 4076 dum
660 4005 830 4074 haud
894 4003 1085 4076 dubie
1141 4017 1267 4091 est,
1355 4007 1608 4096 dignum
1668 4014 1803 4097 jam
1858 4012 2011 4079 οΙίιιι

429 4109 643 4177 visum
684 4109 930 4178 summo
971 4109 1109 4176 viro
1139 4108 1534 4195 Froelichio,
1580 4110 1662 4182 de
1706 4134 1832 4202 quo
1861 4136 2009 4206 pro·

576 4311 633 4377 Ἴ
677 4313 761 4366 De
794 4313 962 4366 numi·
1007 4335 1089 4367 ser

426 4415 634 4452 numo·
686 4396 733 4447 J.
780 4396 1038 4463 Caesaris,
1108 4400 1248 4450 Anto

412 4497 557 4537 etot
590 4478 802 4535 adserit·

1091 4310 1209 4367 τῑῑῖο
1269 4326 1441 4380 tectu?
1493 4313 1546 4366 fn
1595 4299 1978 4381 Proleflomenis
2023 4320 2089 4372 ad
2131 4339 2319 4371 numos
2375 4317 2702 4370 familiarum·

1252 4397 1381 4464 nii„
1423 4409 1475 4450 et
1518 4398 1732 4465 Augusti
1777 4402 1949 4456 videre
1999 4417 2277 4466 serratum,
2343 4420 2452 4455 non
2501 4400 2740 4467 memini,
2805 4400 2947 4468 quod
3005 4411 3174 4450 tamen
3222 4396 3326 4449 hoe
3382 4397 3503 4449 loco
3552 4414 3641 4448 au·

2075 3810 2268 3877 lixam
2348 3808 2851 3877 dissertationem
2931 3797 3386 3886 conscriberet,
3485 3805 3648 3891 quae

2075 3914 2237 3980 inter
2310 3911 2560 3999 vulgata
2627 3931 2742 3976 sua
2789 3905 2901 3973 IV.
2954 3904 3331 3972 Tentamina
3400 3915 3647 3993 postre-
3721 3923 3730 3930 ·

2075 4035 2237 4080 mam
2291 4013 2498 4079 efficit.
2608 4011 2714 4077 Ex
2784 4006 3052 4096 copiosa
3101 4006 3222 4074 hac
3278 4028 3485 4076 messe
3536 4007 3662 4075 ali·-

2078 4139 2232 4206 quas
2273 4124 2506 4182 tantum
2550 4112 2757 4202 spicas
2802 4110 3158 4198 sublegam,
3232 4110 3459 4199 partim
3502 4109 3647 4198 quia

2818 4313 3060 4368 Ceterum
3105 4335 3189 4367 mc
3230 4330 3459 4382 unquam
3513 4310 3648 4364 inter

3563 4505 3600 4528 ιθ

2621 4643 2658 4654 .-
