4500 5650
1552 512 2122 619 CAPVT
2235 511 2357 585 m.
2811 532 2940 593 =,
3405 482 3628 589 ιη’

354 682 589 775 eentum
632 679 729 738 est
771 620 1147 755 aberrantis,
1206 682 1312 740 aut
1361 670 1525 740 male
1577 664 1926 762 applicatae
1990 674 2205 762 utique
2278 674 2544 762 pretium
2593 671 2878 791 amplius
2933 696 3068 769 non
3122 675 3239 747 fuit
3279 676 3567 746 eandem
3669 655 3677 661 “

353 768 626 842 matricis
680 770 1012 855 indicium,
1080 774 1330 843 minime
1386 798 1538 845 vero
1595 797 1635 843 a
1646 776 1925 845 fusione
1989 776 2220 843 vitiatis
2286 776 2379 843 sic
2442 777 2644 844 numis
2708 784 2916 845 curam
2982 757 3378 866 impendere,
3425 780 3572 848 sed
3701 774 3708 777 ’
3751 828 3766 837 -
3813 776 3820 781 ’

356 876 522 945 effici
562 884 794 966 potest.
881 875 1106 943 Vtrum
1160 877 1547 962 verisimile,
1579 862 1925 968 imperante
1990 868 2424 967 respiciendus
2519 878 2735 963 labor,
2836 880 2946 1001 qui
3039 881 3314 951 minores
3403 903 3565 950 sum-

346 985 509 1069 38111
524 980 785 1060 Severo,
834 977 1058 1046 solidis
1101 989 1231 1047 tum
1275 980 1510 1063 adhuc,
1555 991 1620 1049 et
1656 981 1926 1049 necdum
1991 990 2136 1070 ptus
2199 991 2264 1049 et
2324 968 2759 1051 adsiduitatem
2818 962 3200 1069 postularet,
3277 984 3386 1071 qui
3440 1006 3567 1073 ope

359 1081 607 1150 afflictis
648 1081 896 1169 imperii
939 1080 1128 1149 rebus
1171 1090 1404 1149 tantam
1445 1081 1642 1151 fuisse
1682 1084 1751 1150 in
1794 1107 1923 1153 mu·
1990 1084 2163 1152 numi
2244 1084 2447 1165 obvii,
2520 1083 2703 1151 molli
2777 1085 3044 1201 primum
3120 1085 3380 1173 argillae
3452 1088 3565 1154 im·

355 1206 509 1252 nere
550 1183 811 1273 publico
852 1184 1200 1251 monetario
1243 1206 1357 1252 seu
1399 1195 1770 1273 egestatem,-
1812 1208 1925 1257 seu
1991 1187 2224 1275 pressi,
2285 1186 2518 1255 deinde
2571 1185 2827 1254 subdito
2884 1188 3030 1274 igne
3074 1199 3409 1272 excoctae,
3468 1190 3563 1256 in·

355 1288 860 1376 perversitatem,
917 1298 987 1352 ut
1026 1308 1109 1353 88
1152 1286 1425 1376 quidem
1449 1300 1656 1357 certae
1687 1293 1923 1407 justae·
1991 1289 2135 1358 fuso
2211 1288 2510 1380 denique·
2564 1288 2826 1357 metallo
2895 1291 3110 1376 peragi
3187 1289 3377 1357 facile
3446 1311 3563 1389 po·

355 1411 483 1479 que
523 1390 819 1457 matrices
853 1400 1107 1506 praesto
1148 1400 1390 1474 essent,
1448 1391 1563 1459 sed
1617 1415 1661 1459 a
1697 1394 1922 1471 numia,
1991 1392 2126 1460 tuit.
2182 1391 2393 1459 Istud
2435 1392 2491 1458 si
2541 1391 2757 1480 paullo
2801 1390 2918 1458 fuit
2977 1390 3162 1459 vilius
3176 1439 3195 1473 ‚
3251 1412 3440 1480 quam
3484 1413 3564 1460 ex

312 1526 318 1537 ·
354 1510 519 1587 quos
562 1492 698 1561 fors
742 1491 1003 1575 obtulit,
1058 1492 1359 1580 imagines
1411 1476 1676 1571 mutuari
1734 1517 1922 1583 opor·
1972 1516 2121 1597 quo
2175 1502 2305 1562 tum
2356 1494 2472 1561 fuit
2514 1503 2768 1560 moneta
2822 1491 3170 1577 ordinaria,
3239 1516 3378 1562 non
3448 1516 3563 1587 po-

333 1595 550 1663 teret?
831 1638 837 1643 -
1922 1612 1931 1619 ’
1992 1606 2199 1665 terant
2248 1607 2459 1664 tamen
2491 1594 2750 1664 falsarii
2803 1597 2872 1664 in
2930 1596 3058 1663 hoc
3108 1595 3348 1665 laboris
3391 1618 3563 1667 com·
3619 1606 3624 1610 ’
3685 1614 3698 1625 “

485 1698 647 1765 Ex
698 1697 989 1767 omnibus
1051 1718 1202 1785 ergo
1262 1698 1362 1766 his
1436 1700 1640 1791 causis
1688 1708 1926 1789 suapte
1992 1683 2228 1792 pendio
2303 1721 2436 1769 non
2495 1702 2736 1786 justum
2788 1716 3013 1786 capere
3068 1696 3331 1770 lucrum.
3429 1700 3564 1768 Du-

352 1810 573 1890 patet,
627 1809 865 1868 tantum
919 1800 1179 1881 8118888,
1241 1811 1308 1869 ιιι
1360 1800 1599 1871 formae
1653 1802 1774 1870 hae
1829 1810 1924 1871 ai·-
1993 1803 2163 1871 bium
2205 1823 2340 1870 non
2381 1812 2506 1885 est,
2563 1811 2661 1869 tot
2704 1805 2840 1888 jam
2895 1801 3158 1891 repertis
3201 1822 3332 1890 per
3360 1803 3564 1875 varias

350 1902 679 1991 gillaceae
693 1903 898 1992 putari
934 1886 1213 1971 debeant
1256 1905 1550 1974 serviisse
1594 1907 1773 1992 operi
1809 1927 1922 1995 pu·
1962 1906 2284 1992 regiones
2342 1902 2409 1971 id
2468 1925 2665 1991 genus
2730 1904 2949 1971 formis
3008 1903 3388 1990 argillaceis,
3451 1909 3560 1990 ju·

353 2005 525 2074 blica
582 2007 953 2073 auctoritate
1009 2005 1348 2093 imperato,
1422 2017 1490 2075 ut
1554 2008 1925 2079 tribuendae
1991 2017 2154 2075 stum
2214 2006 2400 2073 etiam
2465 2005 2782 2093 hodieque
2845 2026 3174 2089 numorum
3234 2007 3366 2075 sic
3383 2005 3554 2074 fuso·

353 2108 576 2196 potius
604 2136 619 2147 ·
658 2106 976 2175 videantur
1064 2108 1245 2187 operi
1309 2110 1709 2181 tumulmario
1723 2161 1742 2191 ,
1827 2110 1922 2175 in·
1986 2129 2123 2176 rum
2172 2117 2424 2175 exstare
2475 2110 2827 2191 numerum,
2892 2084 3156 2194 perinde
3215 2130 3294 2174 ac
3349 2119 3560 2177 exstat

326 2194 689 2284 —consulto‚
792 2206 1268 2302 tenebrarum„
1318 2217 1383 2275 et
1467 2208 1671 2277 malae
1749 2209 1918 2292 fidei,
1989 2209 2491 2293 subaeratorum,
2567 2229 2742 2295 quos
2813 2209 2906 2275 si·
2940 2232 2977 2274 a
3048 2209 3252 2276 numis
3305 2210 3553 2280 ‘malleo

258 2373 267 2380 ,
354 2311 709 2400 rectiusque
760 2308 925 2376 adeo
983 2307 1268 2377 videatur
1321 2312 1638 2379 censuisse
1690 2310 1919 2379 Mahu-
1988 2311 2306 2397 percussis
2357 2333 2489 2378 non
2546 2306 2720 2378 satis'
2751 2309 3199 2395 discernimus,
3270 2310 3442 2381 istud
3490 2314 3562 2382 fit

355 2413 587 2511 delius,
675 2412 785 2501 qui
868 2411 1067 2481 falsae
1154 2422 1445 2480 monetae
1486 2429 1494 2435 ·
1529 2413 1761 2482 fabros·
1819 2414 1923 2482 his
1990 2423 2251 2502 propter
2303 2432 2528 2482 causas
2580 2413 2696 2483 1188
2749 2414 2952 2502 ipsas,
3021 2436 3176 2504 quas
3239 2434 3431 2502 supra
3471 2437 3557 2483 ex

355 2541 509 2587 usos
552 2515 998 2585 instrumentis
1062 2514 1358 2598 credidit,
1435 2517 1629 2604 quod
1672 2516 1924 2608 quidem

345 2620 650 2708 judicium
708 2619 894 2687 etiam
968 2616 1062 2684 Cl.
1135 2616 1436 2685 Bimardo
1507 2618 1842 2705 probatum
1872 2619 1921 2704 ¹)

355 2743 616 2812 possum
658 2720 1035 2808 conjecturis
1080 2700 1260 2801 81118,
1318 2719 1576 2803 solidis,
1632 2731 1700 2789 ut
1752 2740 1921 2804 reor,

354 2848 429 2893 ac
470 2822 658 2914 plane
707 2820 1150 2913 probabilibus
1210 2820 1639 2888 confirmare.-
1691 2826 1923 2902 Quam·

358 2927 471 2995 diu
525 2947 640 2994 sua
693 2934 985 2992 monetae
1037 2930 1369 3010 argenteae
1426 2923 1713 3012 probitas
1772 2946 1921 2993 con-

324 3029 603 3112 stabat,
656 3027 808 3095 utile
860 3050 936 3093 ac
991 3033 1433 3115 quaestuosum
1475 3027 1590 3102 fuit
1632 3027 1920 3111 falsariis,

356 3127 591 3207 numos
632 3135 885 3218 'aeneos‘
933 3131 1102 3198 tenui
1156 3130 1395 3217 argenti
1439 3131 1690 3200 bractea
1728 3131 1924 3199 multa·

236 3263 247 3270 ·
288 3273 297 3278 ·
354 3257 437 3302 ac
487 3232 706 3313 subtili
767 3243 898 3302 arte
961 3234 1225 3300 vestitos
1272 3243 1413 3321 ‘pro
1469 3254 1621 3302 vera
1678 3233 1922 3320 argenti

354 3345 608 3406 moneta
660 3334 1035 3406 obtrudere„
1125 3336 1229 3403 Ex
1282 3335 1382 3404 his
1453 3335 1743 3403 officinis·
1774 3357 1920 3424 pro-

357 3439 568 3510 divere
618 3447 718 3505 tot
782 3438 1251 3506 subaeratorum
1314 3442 1588 3528 agmina,
1655 3461 1920 3528 quorum

352 3546 555 3630 major
594 3562 742 3629 pars
797 3540 963 3631 male
1005 3541 1353 3624 commissis
1404 3564 1550 3610 cum
1593 3552 1771 3630 parte
1812 3564 1921 3610 an·

356 3645 501 3710 tica‘
554 3643 821 3736 aversis,
898 3653 1003 3711 aut
1059 3644 1127 3709 in
1198 3645 1368 3711 notis
1426 3645 1917 3732 chronologicis,

362 3755 472 3813 aut
525 3746 958 3836 >inscriptionis
1030 3747 1383 3834 picturaeve
1430 3746 1614 3836 ‘lege'
1656 3748 1919 3836 turpiter

359 3858 598 3936 peccat.
682 3850 803 3916 Vel
840 3872 937 3916 ‘ex
989 3849 1088 3916 his
1145 3872 1306 3938 opus
1348 3851 1417 3918 in
1460 3848 1735 3918 tenebris
1778 3869 1917 3938 per·

360 3958 569 4016 actum
628 3949 1037 4039 intelligeres,
1106 3974 1324 4040 parum
1381 3952 1645 4022 solicitis
1699 3951 1915 4036 fabris,

222 4125 233 4131 ,
356 4063 427 4120 ιιι
487 4073 698 4120 verum
764 4055 1206 4144 eloquerentur
1276 4057 1486 4123 numi
1519 4057 1646 4138 sui,
1719 4056 1914 4124 modo

354 4163 659 4223 externa
689 4158 911 4255 specie
1010 4158 1421 4246 imponerent.
1586 4159 1917 4247 corrupta,

258 4345 271 4356 α
352 4257 531 4345 quod
594 4257 743 4328 inde
807 4282 846 4326 a
910 4261 1150 4328 Severo
1218 4264 1453 4348 11183818
1519 4260 1770 4330 licentia
1829 4261 1918 4328 fa·

354 4372 542 4444 ctum,
619 4362 861 4472 argenti
930 4361 1260 4432 monetarii
1320 4364 1605 4434 bonitate
1687 4386 1918 4454 operae

491 4580 540 4649 ι)
574 4584 640 4636 ad
672 4583 871 4656 Jobert.
941 4583 1009 4641 T.
1044 4586 1079 4638 1.
1116 4605 1168 4655 p.
1204 4581 1321 4640 356.

308 4739 317 4742 -
424 4678 577 4750 (1⁷01.
613 4683 688 4752 1.)

1992 2517 2238 2585 Comite
2289 2515 2554 2601 Caylus,
2621 2514 2860 2582 idoneo
2927 2517 2996 2584 in
3067 2516 3375 2585 similibus
3448 2516 3560 2607 (111·

1990 2618 2113 2687 11118
2163 2616 2420 2703 judice,
2482 2616 2798 2699 dedimus,
2875 2627 2981 2685 aut
3050 2619 3198 2706 quia
3254 2639 3386 2702 non
3453 2618 3559 2686 de·

1989 2720 2160 2828 fuere
2211 2719 2486 2789 dexteris
2538 2716 2898 2789 hominibus
2954 2742 3104 2813 81188
3158 2730 3352 2804 artes,
3411 2743 3559 2809 qua·

1989 2845 2126 2892 rum
2178 2844 2306 2909 ope
2353 2821 2620 2889 susionis
2677 2821 2910 2890 indicia
2967 2804 3288 2911 potuerint
3349 2822 3566 2894 occul-
3571 2815 3600 2832 ”

1991 2935 2154 3006 tare,
2211 2932 2277 2990 et
2319 2939 2515 3010 quas,
2551 2932 2620 2989 ut
2658 2922 2875 3012 plures
2920 2924 3154 2991 veteris
3192 2928 3331 2994 aevi
3374 2926 3558 3011 alias,

1988 3028 2372 3114 ignoramus.
2455 3023 2726 3092 Moneta
2786 3034 3077 3112 argentea
3127 3026 3280 3094 inde
3331 3051 3370 3094 a
3411 3029 3556 3096 Phi-
3592 3085 3603 3093 .

1989 3129 2182 3247 lippis
2280 3135 2542 3216 propter
2630 3126 3008 3195 admixtam
3054 3128 3214 3195 aeris
3304 3130 3556 3218 copiam

1988 3233 2214 3300 misere
2256 3230 2623 3310 vilescentc‚
2669 3216 2929 3314 factum,
2975 3239 3042 3297 ut
3099 3230 3327 3298 horum
3371 3233 3559 3301 etiam

1987 3337 2433 3425 imperatorum
2504 3333 2876 3404 fundendis
2915 3334 3120 3400 n‘umis
3158 3333 3352 3414 nihil
3399 3336 3576 3405 lum

1987 3445 2210 3529 posset
2252 3436 2507 3525 sperari.
2597 3437 2810 3517 Quare
2853 3457 2986 3530 non
3029 3437 3278 3521 mirum,
3323 3437 3557 3507 nullius

1986 3541 2136 3630 inde
2190 3563 2231 3607 a
2285 3539 2612 3607 Gordiano
2666 3539 3062 3628 imperatoris
3113 3541 3376 3628 reperiri
3428 3542 3554 3612 for·
3605 3595 3608 3598 -

1989 3661 2149 3713 mam
2193 3642 2606 3731 argillaceam.

2157 3746 2337 3814 Haec
2391 3767 2543 3833 ergo
2604 3744 2736 3812 sive
2788 3743 3106 3834 exempla,
3160 3745 3294 3814 sive
3337 3756 3556 3816 aucto«

1978 3852 2198 3934 ,ritates
2240 3849 2548 3920 instruere
2588 3868 2709 3914 nos
2749 3857 3050 3935 possunt,
3105 3853 3410 3946 majorem
3452 3873 3553 3917 su-

1985 3974 2238 4043 peresse
2289 3952 2540 4039 copiam
2598 3969 2927 4018 numerum
2970 3958 3205 4018 tantum
3246 3952 3551 4036 susorum,

1985 4054 2347 4140 nullumque
2441 4052 2731 4124 malleum
2814 4063 3254 4142 expertorum,
3364 4075 3560 4143 quam.
3689 4097 3700 4108 .

1986 4155 2160 4228 credi
2202 4155 2391 4242 vulgo
2433 4154 2617 4232 solet.
2710 4156 2922 4234 Quare
2963 4174 3352 4248 nequaquam
3385 4177 3546 4230 con·
3578 4173 3582 4180 ·

1984 4262 2163 4336 tinuo
2228 4260 2298 4326 in
2368 4258 2727 4332 adulterinis
2804 4260 3065 4348 putandi
3101 4303 3106 4310 .
3142 4269 3287 4328 suut
3357 4256 3550 4338 numi,

1988 4364 2135 4451 quia
2175 4371 2414 4429 tantum
2456 4361 2597 4443 fusi,
2645 4362 2819 4451 quod
2863 4364 2986 4430 sibi
3027 4383 3166 4456 non·
3199 4363 3382 4450 pauci
3407 4381 3550 4450 per·
