4500 5650
994 617 1133 669 CXX

998 735 1225 825 netam.
1311 755 1387 820 In
1431 753 1685 822 Batavis
1723 756 2102 825 Cartcronus
2147 750 2379 848 aliique
2420 780 2565 848 spu-

945 854 952 861 ’
999 857 1236 926 riorum
1292 876 1528 944 -agmen
1596 858 1855 926 infinitis
1930 860 2377 949 supplementis
2463 883 2570 927 au-

999 983 1171 1028 xere.
1202 959 1274 1043 *)
1304 964 1310 969 ’
1370 1012 1378 1023 .
2281 1004 2286 1009 -

982 1115 993 1121 -
1064 1100 1074 1108 -
1170 1060 1273 1127 Ab
1333 1059 1577 1141 horum-
1612 1082 1767 1147 ergo
1834 1062 2270 1131 tenebrionum
2323 1054 2563 1132 astutiis

993 1158 1066 1231 'ut
1117 1172 1289 1230 tutos
1346 1172 1739 1251 praestarem
1797 1166 1946 1231 artis
2012 1176 2267 1233 nostrae
2324 1164 2563 1233 studio·

998 1287 1138 1346 sos,
1190 1265 1522 1379 sequentia
1574 1253 1922 1355 conscripsi
1976 1278 2340 1356 praecepta,
2404 1290 2564 1356 quae

893 1404 897 1409 ·
1000 1366 1234 1455 placuit
1274 1367 1344 1431 in
1384 1366 1468 1434 X.
1510 1367 1810 1434 articulos
1858 1369 2167 1451 dividere,
2215 1393 2480 1459 quorum

1143 1468 1221 1532 Ι.
1289 1475 1430 1552 aget
1497 1466 1577 1533 de
1639 1471 1843 1536 numis
1898 1473 2188 1540 moderni
2244 1475 2567 1541 commatis

1001 1569 1256 1658 nomine
1298 1564 1723 1643 Patavinorum
1744 1575 2053 1659 cognitis.

1171 1673 1250 1736 11.
1317 1669 1407 1736 de
1452 1673 1655 1739 munis
1712 1673 1869 1741 fusis
1921 1677 1989 1743 in
2040 1677 2300 1787 matrice
2349 1698 2568 1744 numo·

999 1795 1137 1839 rum
1181 1768 1646 1845 modernorum.
2286 1800 2290 1811 ’

1160 1875 1284 1947 111.
1345 1875 1427 1940 de
1482 1877 1683 1943 numis
1737 1876 1893 1943 fusis
1944 1882 2010 1944 in
2053 1882 2307 1946 matrice
2350 1900 2568 1987 numo·

998 1996 1136 2043 rum
1180 1977 1593 2064 antiquorum.
2365 1998 2380 2013 ⁸

1130 2076 1283 2145 lv.
1346 2077 1428 2144 de
1481 2081 1683 2145 numis
1740 2080 2040 2168 antiquis,
2116 2102 2381 2169 quorum
2441 2103 2569 2181 mu-

850 2168 859 2179 “
970 2188 1209 2248 tantur
1251 2181 1496 2266 capita,
1541 2191 1607 2246 et
1648 2183 1805 2268 typi.

1036 2298 1045 2308 ·
1172 2281 1254 2348 V.
1321 2280 1402 2347 de
1455 2282 1656 2347 numis
1711 2281 1944 2351 malleo
1998 2283 2456 2351 transformatis
2509 2291 2575 2349 et

1003 2382 1389 2471 compositis.

1170 2484 1283 2559 VI.
1341 2482 1419 2550 de
1464 2483 1669 2549 numis
1713 2483 1897 2549 fissis.

1094 2606 1099 2611 ·
1170 2585 1319 2652 Vn.
1373 2584 1453 2650 de
1504 2583 1707 2650 numis
1754 2585 2102 2655 subaeratis
2144 2595 2209 2652 et
2250 2586 2505 2652 incusis.

1168 2686 1346 2755 VIII.
1394 2686 1477 2752 de
1521 2687 1723 2753 numis
1764 2688 2081 2755 veteribus
2126 2688 2308 2771 fusis,
2349 2689 2569 2836 iisque,

894 2881 907 2886 -
1005 2791 1113 2878 qui
1154 2800 1301 2857 sunt
1344 2787 1614 2877 duplicis
1658 2788 1915 2856 metalli.

1174 2890 1289 2958 IX„
1348 2892 1430 2958 de
1466 2892 1684 2962 ,ιιιιιιιιε
1739 2892 2084 2973 confictis,
2121 2901 2217 2958 et
2236 2893 2344 2974 iis,
2415 2913 2572 2981 quo-

1001 3011 1139 3060 rum
1181 2994 1365 3080 pauci
1405 2994 1802 3062 inveniuntur
1847 2996 2063 3083 spurii.

1174 3095 1258 3163 X.
1335 3095 1442 3183 qui
1508 3096 1802 3163 articulus
1879 3098 2128 3164 titulum
2198 3116 2333 3163 non
2396 3116 2572 3181 prae·

1004 3197 1159 3279 fert,
1237 3189 1301 3264 ei
1356 3198 1767 3266 omittendum
1822 3196 2009 3282 duxi,
2085 3200 2232 3285 quia
2295 3208 2400 3264 aut
2439 3203 2575 3285 jam

1005 3289 1161 3366 alias
1229 3298 1397 3365 dicta
1460 3301 1774 3379 continet,
1863 3309 1969 3398 aut
2031 3311 2190 3387 quae
2258 3299 2346 3366 ad
2399 3319 2577 3387 prae-

894 3424 905 3428 ·
1008 3419 1182 3466 sens
1230 3411 1656 3487 argumentum
1734 3420 1867 3466 non
1937 3420 2319 3489 magnopere
2390 3401 2577 3487 perti-

1010 3510 1179 3568 nent.

1822 3670 1871 3735 I.

1138 3769 1275 3862 ‘De'
1307 3776 1500 3838 numi-³
1541 3675 1805 3838 modejm
1845 3778 2144 3838 commatis
2182 3781 2412 3842 nomine
2431 3807 2444 3816 ·

1422 3875 1852 3956 Patavinorum
1894 3882 2160 3958 coguitis.

1182 3993 1408 4092 Numi,
1472 4030 1635 4097 quos
1689 4011 2032 4095 generatim
2076 4009 2410 4080 Patavinos
2469 4034 2575 4102 ap·

1008 4107 1352 4198 pellamus»,
1423 4133 1504 4177 ex
1560 4113 1918 4198 matricibus
1973 4113 2346 4208 prodiyere,
2423 4137 2578 4203 quas

1004 4211 1153 4282 xsciti
1242 4210 1504 4279 artifices
1593 4215 1898 4284 variarum
1976 4218 2299 4286 nationum
2369 4228 2580 4288 vetere

970 4328 987 4350 ¹
1015 4313 1291 4404 quodam
1336 4314 1704 4401 ,exemplari
1771 4315 1853 4382 ad
1915 4317 2277 4386 imitandum
2339 4342 2577 4408 propo-

1012 4417 1135 4485 sito
1192 4416 1423 4503 insigni
1478 4417 1740 4482 artificio
1800 4428 1863 4483 et
1904 4421 2112 4487 nitore
2154 4421 2577 4492 elaborarunt.

1902 562 2659 701 motmomssm
2717 536 3301 671 anERAuA.

2634 758 2842 845 Hujus
2897 766 3188 839 ⁴naturae
3271 758 3442 826 numi
3511 754 3866 827 incredibili
3935 775 4209 821 numero

2635 854 3176 944 circumferuntur,
3209 922 3216 932 ,
3268 882 3429 948 quos
3483 858 3627 927 sola
3677 866 3781 925 ars
3833 866 4006 926 vetus
4061 856 4212 943 pul·

2634 962 2986 1030 chritudine
3045 972 3115 1030 et
3174 962 3407 1029 decore
3473 966 3744 1050 superat}
3858 958 4210 1043 Elegantcs

2605 1078 2715 1131 ‘ex
2758 1065 2857 1132 his
2909 1065 3104 1131 series
3148 1073 3424 1152 possunt
3471 1063 3773 1150 componi
3814 1063 3883 1128 in
3927 1082 4209 1149 quacun·

2632 1188 2753 1255 que
2826 1165 3280 1253 magnitudine,
3355 1174 3419 1232 et
3494 1163 3781 1246 metallo,
3872 1184 4212 1229 numorum

2631 1269 2763 1335 sive
2807 1271 3248 1351 Graecorum,
3281 1268 3415 1335 sive
3472 1267 3923 1334 Romanorum.
4008 1264 4212 1331 Numi

2635 1373 2815 1437 aenei
2877 1372 3183 1438 maximae
3243 1369 3526 1437 formae
3548 1391 3689 1435 cum
3742 1368 3947 1457 eapite
4009 1366 4211 1453 impe-

2632 1480 2944 1557 ratorum,¹
2975 1470 3286 1561 siquidem
3325 1473 3470 1539 falsi
3514 1480 3679 1553 sunt,
3723 1479 3830 1537 aut
3869 1469 3957 1535 ad
3998 1490 4212 1536 exem·

2633 1574 2776 1665 plar
2824 1597 3172 1643 numorum
3239 1596 3387 1641 vere
3448 1584 3726 1641 veterum
3802 1582 3949 1639 sunt
4017 1568 4213 1638 fabri·

2637 1676 2790 1757 cati,
2848 1688 2954 1743 aut
3007 1698 3091 1742 ex
3147 1676 3417 1761 cognitis
3472 1674 3652 1741 factis
3695 1675 4011 1757 historicis
4055 1694 4214 1741 con·

2635 1777 2784 1844 fieti.
2840 1764 3378 1866 Frequentissirne
3407 1798 3548 1843 sese
3578 1798 3678 1842 ars
3706 1798 3926 1844 recens
3958 1776 4026 1841 in
4053 1775 4213 1843 m

2637 1880 2853 1968 primis
2913 1878 3400 1981 imperatoribus
3470 1878 3787 1971 exercuit,
3874 1878 4218 1966 praecipite

2639 2002 2904 2069 quorum
2957 1981 3177 2099 capita
3248 1991 3394 2047 sunt
3466 1979 3740 2059 rariora,
3816 1988 3879 2045 ut
3938 1980 4216 2062 Tiberii,

2643 2082 2952 2164 Othonis,
3008 2060 3185 2167 cujus
3241 2082 3418 2148 aenei
3469 2080 3736 2169 triplicis
3793 2080 4031 2146 formae
4083 2080 4214 2147 La-

2637 2174 2756 2251 t'ini
2796 2206 2930 2250 non
2975 2193 3241 2264 exstant,
3287 2185 3410 2249 nisi
3442 2182 3847 2271 Antiocheni,
3891 2192 3986 2249 et
3995 2183 4215 2270 Aegy-

2639 2285 2787 2373 ptii,
2857 2284 3087 2351 deinde
3153 2282 3432 2363 Vitellii,
3500 2283 3873 2366 Pertinacis,
3941 2282 4218 2352 duorum

2639 2386 3111 2453 Gordianorum
3224 2384 3664 2453 Africanorum
3687 2435 3705 2469 ,
3822 2386 4216 2476 Agrippinae

2645 2486 2946 2569 Claudii,
3033 2486 3351 2553 Domitiae
3376 2536 3393 2569 ‚
3487 2508 3647 2576 quae
3716 2489 3829 2557 vix
3897 2490 4214 2577 reperitur

2641 2591 2964 2657 commatis
3029 2610 3178 2655 vere
3245 2589 3484 2675 antiqui
3507 2639 3527 2671 ,
3616 2588 3943 2673 Plotinae,
4033 2582 4213 2659 Mar-

2641 2693 2854 2764 cianae
2877 2740 2900 2774 ,
2969 2690 3319 2774 Matidiae,
3394 2690 3666 2780 denique
3728 2691 3972 2759 Anniae
4043 2692 4234 2763 Fau·.

2639 2794 2845 2864 stinae
2911 2778 3294 2882 Elagabali,
3383 2803 3450 2862 et
3510 2788 3979 2884 Tranquillinae
4033 2796 4214 2869 .-Gor

2639 2895 2826 2962 diani.
4131 2925 4140 2932 ⁴

2818 2997 3061 3077 Quibus
3090 3069 3099 3080 ‚
3124 2997 3207 3064 ad
3269 2999 3564 3067 lectiores
3618 3002 3854 3068 ,veteris
3914 3009 4214 3070 monetae

2639 3089 2969 3169 thesauros
3032 3098 3237 3168 aditus
3301 3103 3529 3189 patuit,
3605 3103 3805 3170 minus
3867 3104 3984 3168 erit
4050 3102 4213 3170 diffi-

2644 3201 2764 3272 cile
2819 3203 2941 3269 hos
2995 3203 3226 3269 evitare
3281 3202 3565 3304 laqueos.
3654 3205 3742 3271 At
3795 3206 3961 3272 enim
4003 3210 4214 3290 maJor

2639 3325 2862 3372 eorum
2891 3323 2896 3336 ·
2926 3325 3073 3391 pars
3139 3306 3204 3372 in
3272 3309 3529 3373 remotis
3607 3305 3779 3394 degit
3841 3306 4214 3394 provinciis,

2640 3416 2708 3474 et
2771 3408 2881 3473 vix
2925 3406 3213 3474 Parisios
3280 3419 3615 3490 commeat,
3705 3417 3774 3474 ut
3833 3409 4212 3499 reliquarum

2644 3508 2868 3575 artium
2935 3509 3241 3591 omnium,
3305 3512 3397 3576 sic
3425 3539 3431 3546 ·
3461 3517 3525 3578 et
3586 3512 4050 3578 numismaticae
4111 3534 4213 3580 se-

2645 3608 2815 3692 dem,
2894 3632 3099 3698 neque
3154 3612 3318 3680 adeo
3380 3636 3452 3679 a.
3473 3615 3747 3688 virorum
3797 3614 3868 3692 in
3925 3613 4027 3680 his
4082 3623 4212 3681 stu·
4231 3651 4242 3662 ·

2645 3711 2769 3780 diis
2821 3712 3155 3779 illustrium
3222 3714 3674 3786 consuetudine
3737 3716 4003 3804 aliquam
4067 3726 4211 3804 pot·

2643 3823 2742 3880 est
2787 3816 3113 3904 percipere
3165 3817 3510 3883 utilitatem.
3597 3803 3752 3885 vidi
3800 3806 3942 3906 ips'e
3983 3815 4212 3885 hormn

2643 3937 2775 3982 non
2828 3939 3102 4004 paucos,
3188 3920 3323 4033 qui,
3413 3921 3530 3985 etsi
3584 3922 3773 4010 vitam
3829 3941 4075 3986 omnem
4139 3922 4212 3985 ιιι

2644 4003 3028 4104 colhgendis
3065 4020 3266 4085 nuruis
3311 4023 3879 4112 consumpsissent,
3934 4042 4067 4087 ιιοιι
4117 4030 4212 4088 ta·

2645 4142 2788 4192 men
2844 4123 2968 4188 sibi
3022 4131 3256 4186 certum
3287 4122 3622 4207 Judicium,
3682 4124 3797 4211 qui
3837 4127 4007 4191 numi
4063 4145 4216 4191 vere

2644 4233 2898 4290 veteres·
2949 4225 3107 4304 sint,
3175 4227 3282 4311 qui
3335 4228 3532 4315 spurii
3549 4274 3567 4306 ,
3609 4229 3974 4316 potuerunt
4039 4247 4214 4291 com·

2645 4345 2885 4410 parare.
2975 4325 3172 4402 Quod
3229 4327 3481 4415 quidem
3534 4349 3732 4416 usque
3788 4329 3950 4396 adeo
3993 4348 4218 4394 verum

2645 4436 2776 4507 est,
2807 4436 2900 4493 ιιι
2952 4428 3257 4494 unanimis
3317 4430 3399 4496 sit
3455 4421 3837 4497 eruditorum
3879 4401 4216 4530 Parisino

1146 4638 1194 4701 '')
1233 4638 1375 4693 Alios
1404 4642 1572 4702 malac
1608 4640 1788 4694 mercis
1828 4644 2000 4697 fabros
2038 4660 2406 4698 commemorat
2444 4645 2683 4698 Rinckiuo
2722 4645 2825 4710 (dc
2861 4661 2957 4701 vet.
2995 4669 3138 4701 uum·
3174 4663 3281 4718 pot.
3318 4671 3371 4720 p.
3408 4648 3572 4718 115),
