4500 5650
977 438 1308 551 unv'm
1488 424 1493 435 ’
1891 434 2642 554 PRoLEcoMENA·
2706 440 3285 553 GENERALIA.
3393 430 3400 435 ”

1006 643 1103 721 §
1147 638 1263 707 VI.
1339 635 1455 707 De
1499 640 1891 760 compendiis
1934 630 2295 731 scripturae.
2359 642 2374 657 “
2624 651 2732 731 ειμι
2793 636 3014 715 utendi
3057 662 3329 729 causam
3389 660 3524 707 ιιοιι
3597 639 3901 721 habuere,
3991 638 4210 708 natale
4247 618 4266 633 ”
4330 656 4356 677 ’-

1068 748 1118 825 5
1146 744 1290 810 VII.
1382 744 1482 809 De
1525 744 1720 811 literis
1763 745 2021 814 incusis.
2623 766 2802 811 suum
2845 744 3053 812 solum
3091 745 3218 833 ipsi
3255 719 3666 817 dictaverunt.
3733 735 3846 815 Sic
3875 741 4204 837 silphium,

1022 849 1104 927 ·§
1148 846 1321 914 VIII.
1426 844 1529 910 Dc
1595 845 1791 912 modo
1856 845 2238 913 inscribendi
2301 845 2557 913 nomina
2621 846 2840 936 planta
2904 847 3288 931 Cyrenaica,
3374 848 3442 915 in
3506 845 3708 912 numis
3787 847 4208 933 conspicuum

1188 948 1468 1029 urbium,
1514 957 1580 1013 et
1621 949 2023 1037 populorum.
2393 1003 2412 1015 .
2540 966 2546 975 ·
2625 950 2882 1038 suapte
2904 949 3222 1019 elocutum
3294 952 3391 1016 est
3441 950 3707 1038 patriam
3767 948 4205 1035 cyrenaicam,

1067 1055 1099 1135 ᾖ
1140 1018 1257 1116 ΪΧ.
1342 1050 1446 1119 De
1482 1048 1793 1117 dialectis.
2295 1136 2300 1141 β
2377 1102 2384 1107 .
2508 1048 2515 1061 ’
2624 1050 2998 1116 balaustium
3061 1049 3391 1133 Rhodum,
3483 1075 3593 1119 vas
3666 1061 4030 1124 monotum·
4067 1072 4205 1118 cer·

1068 1156 1100 1234 §
1144 1150 1229 1220 X.
1317 1153 1419 1219 De
1461 1152 1667 1221 forma
1707 1152 2021 1221 literarum
2063 1153 2464 1220 Graecarum.
2624 1162 2727 1219 tae
2818 1152 3061 1253 formae
3160 1154 3401 1237 Cymen
3499 1152 3788 1245 Aeolidis
3815 1201 3834 1235 ,
3935 1153 4206 1243 clypeus

990 1280 993 1283 ·
1422 1265 1444 1285 ⁸
2626 1256 2973 1349 Boeoticus
3016 1254 3275 1322 Thebas
3319 1265 3436 1321 etc.
3526 1255 3674 1322 Huc
3722 1257 4037 1341 pertinent
4091 1277 4207 1324 nu·

1830 1372 1846 1390 ·
2499 1358 2503 1363 ’
2559 1361 2714 1425 *mi
2799 1356 3044 1425 urbium
3133 1379 3324 1427 cum
3359 1358 3531 1446 typis
3607 1356 4043 1442 homonymis,
4133 1367 4210 1425 ut

1028 1426 1131 1493 ΒΘ
1171 1428 1617 1508 mmm
1659 1439 1826 1506 ΨΜ)
1867 1432 2230 1511 PY⁰W3
2275 1431 2514 1493 ''²⁶⁶⁶'‘
2629 1482 2768 1527 cum
2836 1459 3066 1528 Cardia
3131 1460 3439 1526 Thraciae
3507 1461 3776 1547 signavit
3839 1484 3978 1541 cor,
4046 1482 4212 1544 καρ·

1054 1596 1063 1605 -
1156 1559 1233 1625 In
1288 1561 1446 1647 ipsis
1512 1562 1659 1629 artis
1714 1561 2095 1629 monetariae
2162 1558 2560 1629 incunabulis
2630 1564 2808 1639 διαν,
2865 1561 3081 1633 elides
3133 1561 3379 1628 insulae
3419 1567 3663 1649 claena,
3718 1565 3971 1641 κλειδα,
4025 1554 4211 1630 Itho-

982 1656 1193 1729 nullas
1231 1652 1601 1763 plerumque
1641 1663 1908 1731 insertas
1948 1663 2144 1731 fuisse
2185 1663 2422 1745 literas,
2478 1683 2559 1728 ex
2632 1664 2749 1732 dus
2808 1688 3042 1747 rocam,
3105 1665 3345 1747 ῥοδον,
3404 1666 3559 1732 Side
3613 1671 3836 1739 malm
3890 1669 4250 1745 Pmoun.

984 1767 1190 1832 numis
1244 1765 1403 1854 ipsis
1456 1775 1672 1853 potest
1712 1765 1999 1853 intelligi.
2085 1767 2336 1831 Etenim
2376 1767 2444 1829 in
2487 1764 2560 1827 il·
2628 1768 2851 1846 σιδην,
2940 1762 3195 1829 Selinus
3221 1768 3454 1843 sobam
3505 1772 3664 1848 apii,
3754 1768 4010 1833 σελινον
4063 1777 4210 1852 etc„

986 1866 1386 1935 lusu-ioribus
1439 1870 1672 1935 muscis
1710 1870 1892 1934 aurci
1946 1866 2348 1953 argenteique
2391 1885 2559 1930 com·
2627 1868 2805 1951 cujus
2871 1866 3160 1950 generis
3143 1885 3413 1935 numos
3473 1865 3646 1936 Galli
3707 1868 4032 1941 concinne
4069 1862 4209 1937 Μά-

983 1970 1165 2037 matis
1218 1971 1621 2055 vetustissimi
1665 1974 1846 2057 justo
1898 1990 2160 2036 numero
2210 1977 2558 2049 servantur,
2627 1971 2843 2049 daillcs
2877 1970 3192 2051 parlantes
3237 1967 3473 2035 dixere.
3557 1955 3580 1977 ⁸

808 2072 881 2127 ““.
985 2095 1149 2160 quoa
1210 2072 1384 2141 nulla
1437 2082 1709 2164 unquam
1765 2073 2195 2160 inscriptionis
2259 2078 2454 2138 nota
2465 2071 2561 2134 in-
2799 2069 3112 2138 Videntur
3153 2056 3346 2137 ffiisse
3387 2070 3613 2154 urbes,
3675 2091 3833 2158 quae
3875 2076 4013 2158 jam
4052 2034 4228 2143 inde·

984 2175 1254 2261 signivit.
1386 2174 1563 2242 Idem
1622 2176 1947 2264 intellige
1979 2174 2060 2241 de
2127 2174 2562 2259 vetustissimis
2631 2194 2672 2239 a
2711 2173 3024 2261 principio
3078 2184 3393 2243 monetam
3436 2195 3611 2240 suam
3653 2174 4064 2262 inscriptione
4110 2174 4208 2242 di

802 2240 813 2250 ,
892 2372 915 2379 ‚
952 2278 1198 2369 aeneis
1252 2275 1483 2343 Italiae
1532 2276 1796 2347 mediae.
1929 2277 2240 2343 Nimirum
2307 2277 2566 2363 antiqua
2632 2274 2948 2361 stinguere
3003 2275 3424 2343 instituerunt.
3517 2270 3779 2345 Nullum
3829 2296 3933 2343 mc
3963 2276 4209 2353 ⁴videre

988 2376 1102 2445 illa
1156 2387 1358 2445 aetate
1412 2378 1583 2446 cultu
1638 2378 1921 2468 simplice
1980 2389 2308 2461 contenta,
2377 2388 2566 2467 atque
2631 2372 2883 2444 'memini
2918 2425 2928 2435 -
2966 2396 3220 2447 numum
3300 2378 3660 2469 illiteratum
3730 2400 3844 2447 seu
3914 2380 4210 2465 Sybaris,
4231 2443 4260 2457 ,

990 2500 1180 2547 omne
1258 2481 1638 2569 superfluum
1712 2491 2071 2570 amputante
2151 2482 2302 2548 satis
2364 2482 2564 2549 visum
2631 2501 2744 2547 scu
2798 2480 3212 2564 Posidoniae,
3269 2498 3385 2549 seu
3444 2481 3817 2563 Cauloniae,
3874 2504 3989 2549 seu
4043 2484 4212 2552 Cro·

987 2583 1343 2672 imprimere
1403 2584 1681 2669 metallo
1761 2594 1977 2652 notam
2048 2583 2561 2674 qualemcunque,
2629 2584 2836 2666 tonis,
2907 2587 3026 2652 etsi
3080 2584 3403 2652 commatis
3462 2585 3612 2651 sint·
3641 2585 4090 2672 antiquissimi,
4143 2598 4232 2655 et·

928 2742 935 2745 .
988 2695 1213 2754 testem
1268 2686 1653 2755 auctoritatis
1709 2682 2071 2777 publicae,
2118 2709 2283 2775 quae
2356 2688 2560 2775 singu-
2627 2688 2751 2775 ipsi
2795 2686 2925 2753 suis
2969 2710 3040 2754 se
3081 2688 3253 2776 typis
3295 2689 3464 2761 satis
3493 2686 3934 2755 discernerent.

988 2788 1190 2856 larum
1218 2782 1568 2862 civitatum
1608 2800 1927 2872 monetam
1983 2746 2381 2858 discerneret.
2491 2791 2555 2858 Is
2799 2788 3243 2858 vetustissimo
3320 2812 3483 2859 aevo
3551 2792 3766 2880 paucis
3833 2790 4034 2860 literis
4111 2792 4207 2859 in-

960 2891 1305 2981 ,literarum
1374 2892 1655 2960 defectus
1724 2894 2077 2961 civitatibus
2152 2893 2305 2959 olim
2379 2895 2559 2959 inno-
2629 2847 2822 2957 scribi
2875 2892 3048 2960 urbis
3099 2902 3334 2963 nomen
3385 2890 3730 2961 consucvit.
3817 2895 3930 2962 Sic
3974 2895 4208 2978 Croto-

989 2996 1133 3062 xius
1194 2994 1382 3062 nobis
1436 2995 1607 3062 istud
1666 2995 1871 3064 attulit
1922 2996 2101 3077 mali,
2170 2995 2346 3086 quod
2407 2994 2569 3061 mul·
2629 2992 2934 3058 niatarum
2991 2996 3402 3084 antiquissimi
3459 2997 3630 3062 numi
3685 2996 3938 3063 habent·
3973 2999 4204 3083 KPO,

746 3171 755 3178 ,
802 3091 809 3100 ’
892 3167 896 3180 ,
932 3123 941 3129 ·
989 3105 1198 3164 torum
1241 3119 1601 3182 umorum,
1656 3100 1763 3187 qui
1807 3099 1899 3164 sic
1943 3098 2353 3187 anepigraphi
2394 3106 2561 3179 sunt,
2613 3093 3062 3177 Sybaritarum
3103 3096 3284 3180 ΣΤ.,
3332 3093 3808 3165 Atlieniensium
3829 3098 4041 3166 ΑΘΕ.
4083 3110 4206 3168 etc.

988 3201 1254 3289 patriam
1304 3211 1538 3268 certam
1590 3201 1969 3286 ignoremus.
2025 3200 2303 3267 ΜιιΙιιι
2362 3200 2563 3266 οοιιιι-
2629 3196 2794 3264 Noli
2834 3208 3040 3265 tamen
3080 3199 3249 3267 istud
3288 3199 3447 3287 legis
3494 3209 3699 3268 certae
3723 3201 3914 3267 instar
3934 3210 4208 3287 putare3

991 3303 1084 3388 git
1136 3303 1425 3370 aliorum:
1462 3301 1752 3368 similium
1794 3301 2103 3368 beneficio
2119 3350 2138 3383 ,
2197 3301 2315 3368 sed
2364 3301 2562 3368 literis
2632 3320 2775 3366 nam
2845 3300 3144 3369 habemus
3191 3301 3603 3391 per-antiquos
3663 3304 4213 3386 Syracusanorum

990 3401 1325 3490 insignium
1340 3445 1387 3485 ,f
1426 3403 1512 3470 ad
1566 3405 1750 3470 vitam
1818 3404 2122 3471 revocari.
2221 3402 2565 3472 Selinuntis
2595 3413 2606 3422 ‘
2633 3403 2870 3489 scripto
2924 3402 3114 3490 plene
3169 3395 3779 3485 ΣΥΡΑΚΟΣΙΟΝ
3822 3406 4018 3473 literis
4059 3427 4209 3495 per-

908 3581 919 3601 ,
957 3548 960 3552 .
994 3504 1248 3574 Siciliae
1274 3493 1516 3571 'numos
1562 3505 1706 3572 solo
1752 3506 1878 3594 apii
1913 3505 2072 3573 folio
2102 3514 2378 3590 ιιοιιιοι,
2426 3528 2580 3578 cum.
2630 3504 2920 3586 vetustis,
2975 3515 3106 3573 tum
3160 3516 3224 3573 et
3265 3507 3524 3595 Rhegii,
3577 3506 3949 3590 Messanae,
4003 3507 4207 3575 Phae-

994 3607 1104 3692 diu
1169 3608 1404 3674 incerta
1466 3607 1621 3675 sede
1684 3619 2085 3696 vagarentur,
2164 3631 2397 3698 nuper,
2459 3631 2564 3675 cu-
2633 3607 2751 3689 sti,
2817 3605 3080 3676 Rhauci.
3166 3609 3396 3677 Multis
3452 3621 3660 3677 tamen
3701 3609 3959 3699 populis
3999 3611 4206 3680 serius

983 3714 1151 3796 jates
1227 3719 1467 3790 essent,
1553 3710 1976 3779 intelleximus
2052 3712 2338 3802 prolato·
2378 3711 2565 3777 simili
2634 3729 2886 3800 quoque
2934 3732 3128 3800 parca·
3172 3713 3511 3802 epigraphe
3563 3713 3817 3801 placuit.
3913 3712 4022 3782 Ad
4073 3713 4209 3784 hoc

994 3811 1125 3878 alio
1189 3833 1329 3878 cum
1372 3813 1714 3902 epigraphe
1756 3816 2022 3883 ΣΕΛΙ.
2110 3814 2290 3882 Idem
2333 3801 2562 3881 benefi-
2632 3834 2833 3900 genus
2870 3817 3186 3902 pertinent
3229 3817 3398 3882 numi
3441 3815 3587 3882 solo
3612 3817 3729 3899 κΣ,
3774 3805 3984 3905 eoque
4019 3838 4205 3904 gran·

995 3914 1158 3984 oium
1221 3917 1467 4003 experti
1527 3926 1674 3985 'sunt
1736 3917 1911 3986 multi
1969 3916 2106 4000 alii,
2181 3931 2567 4006 quos-'nunc
2634 3914 2816 3984 dicre
2851 3919 3095 4001 notati,
3140 3917 3362 3986 crediti
3406 3919 3560 3986 olim
3598 3941 3743 3986 esse
3785 3918 4042 3986 Maleae
4079 3920 4220 3987 La:

994 4027 1387 4107 praetereo.
2581 4003 2607 4054 ³
2633 4020 2885 4104 coniae,
2952 4021 3187 4110 placita
3247 4001 3413 4089 nunc
3467 4023 3663 4109 magis
3715 4021 4028 4106 Sicyone,
4095 4020 4211 4088 vel

844 4119 867 4148 ·“
1168 4119 1406 4186 Tamen
1493 4120 1678 4187 etiam
1764 4132 1978 4211 secuta
2063 4130 2273 4204 aetas,
2374 4142 2564 4210 quan·
2633 4121 2905 4210 Siphno,
2994 4123 3235 4192 Notum
3275 4126 3349 4191 A
3389 4137 3678 4212 magnum
3709 4123 3807 4190 ad
3843 4123 4208 4212 significan

999 4244 1183 4313 quam
1250 4222 1479 4305 rarius,
1567 4244 1793 4294 numos
1870 4207 2044 4292 dedit
2116 4223 2290 4292 omni
2350 4224 2566 4292 inscri-
2634 4224 2784 4290 dum
2825 4223 3036 4311 Argos
3061 4207 3424 4315 Argolidis.
3513 4226 4001 4326 Frequenticncs
4053 4235 4214 4296 sunt

811 4395 815 4408 ,
906 4390 911 4396 ,
994 4326 1217 4414 ptione
1248 4324 1613 4394 destitutos.
1677 4328 1753 4394 Ιιι
1796 4343 1985 4400 causa
2028 4327 2213 4394 etiam
2253 4335 2384 4394 tum
2427 4327 2563 4411 fuit,
2633 4348 2773 4392 cum
2836 4325 3081 4414 adjecta
3145 4330 3339 4397 altera
3398 4328 3608 4396 adhuc
3668 4327 3877 4413 litera,
3937 4331 4012 4395 'ut
4065 4329 4207 4398 ΣΙ.

999 4430 1176 4517 quia,
1241 4451 1381 4497 cum
1410 4429 1711 4500 civitates
1768 4429 2013 4521 aliquae
2071 4438 2278 4518 certos
2332 4429 2566 4498 habue·
2632 4429 3072 4518 Siphniorum,
3160 4433 3315 4503 ΣΕ.
3381 4430 3844 4521 Sei-iphicrum,
3934 4440 3998 4498 at
4061 4437 4214 4502 cuin

856 4590 869 4599 .
999 4531 1124 4601 rint
1164 4540 1378 4620 typos,
1423 4534 1649 4619 quibus
1692 4534 1853 4603 aliae
1898 4542 2004 4604 aut
2044 4555 2195 4603 usae
2236 4554 2371 4604 non
2400 4542 2566 4618 sunt,
2615 4532 2843 4602 solum
2881 4534 2964 4600 Σ
2998 4533 3286 4623 ponitur,
3344 4534 3590 4605 incerto
3606 4583 3626 4620 ‚
3680 4533 3875 4604 utrius
3917 4533 4044 4615 sint
4083 4554 4214 4625 po·
