4500 5650
942 532 1117 585 mv
1494 550 1497 557 ·
1848 466 2594 591 PnomeoMEN'A
2643 504 3219 581 (ιΕΝΕιιΑιιΑ.

1234 651 1456 755 {L
1541 671 2128 741 Fbmammm.
2580 669 2754 750 diae,
2828 628 4236 761 etinTi-actatuden'umisConsular.

1118 771 1267 841 Fuit
1326 772 1624 841 'rotunda
1717 764 1932 862 paucis
2032 772 2333 861 demptis,
2431 770 2515 839 de
2583 768 2941 859 Cap.11.§
2985 773 3046 839 3.
3249 766 3266 779 “

949 874 1175 964 quibus
1230 896 1383 942 mox
1436 875 1617 945 rufi-a.
1714 876 1888 943 Raro
1940 886 2149 944 tamen
2200 874 2380 942 haec
2408 894 2514 941 ro·
2754 868 2949 936 Numi
2998 868 3224 937 133313
3255 869 3526 937 laminae
3588 876 3767 956 parte
3827 886 3956 949 una
4007 866 4161 932 333·

947 974 1221 1044 tunditas
1283 977 1400 1044 fuit
1451 977 1758 1066 perfecta,
1825 979 1919 1045 sic
1978 988 2048 1046 ut
2105 976 2392 1046 dubitare
2435 975 2515 1042 li·
2583 973 2751 1056 vexi,
2794 973 3014 1043 altera
3034 970 3297 1040 concavi
3351 993 3433 1038 ex
3491 972 3688 1038 omni
3716 968 3975 1037 metallo
4036 967 4162 1035 {re-

951 1088 1089 1147 ceat
1132 1080 1213 1146 de
1240 1090 1585 1147 nuniorum
1629 1081 1874 1146 sincera
1918 1078 2073 1161 fide,
2128 1081 2185 1146 si
2239 1077 2350 1165 qui
2399 1077 2521 1145 hac
2587 1084 2849 1193 quentes
2903 1082 3050 1143 sunt
3106 1074 3334 1162 signati
3387 1094 3501 1160 per
3553 1082 3830 1141 extrema
3873 1054 4164 1139 Orientis

948 1191 1095 1249 sunt
1145 1181 1396 1262 indole,
1442 1193 1512 1249 ut
1552 1174 1944 1249 monebimus
1998 1182 2067 1248 in
2118 1189 2386 1248 tractatu
2440 1179 2523 1246 de
2584 1179 2873 1267 imperia,
2954 1196 3160 1265 quos
3184 1174 3477 1242 nonnulli
3553 1197 3742 1244 causa
3805 1195 3938 1242 303
4005 1174 4163 1241 satis

948 1284 1152 1351 numis
1251 1285 1497 1370 spuriis.
1641 1284 2014 1373 Plerumque
2116 1278 2522 1352 rotunditatis
2589 1290 2759 1349 certa
2797 1282 3118 1366 scyphae-5
3161 1279 3497 1368 appellant.
4027 1304 4032 1309 ·
4169 1300 4186 1306 ·

884 1386 1123 1459 'fuere
1188 1385 1540 1473 neglectae,
1605 1396 1669 1454 et
1740 1407 1959 1502 parum
2025 1386 2267 1453 anxiae.
2387 1384 2522 1452 Ne·

952 1509 1076 1576 que
1147 1488 1342 1570 enim,
1406 1485 1583 1575 quod
1644 1486 1840 1554 hodie
1903 1489 1973 1554 in
2037 1509 2108 1554 re
2172 1484 2522 1555 monetaria
2909 1454 3050 1532 §2⁶
3142 1455 3513 1545 Q‘m‘h’m
3553 1409 3836 1518 m

950 1589 1088 1656 fieri
1155 1599 1348 1671 amat,
1413 1608 1740 1656 numorum
1804 1587 2072 1657 orbiculi
2131 1610 2217 1657 ex
2283 1587 2520 1657 metalli
2761 1584 2969 1656 Offert
3025 1598 3203 1656 vetus
3254 1594 3507 1656 moneta
3559 1605 3785 1654 numos
3837 1604 3973 1651 non
4027 1584 4162 1651 exi-

722 1696 745 1707 ‘
850 1744 859 1749 1
953 1690 1184 1758 lamina
1236 1692 1472 1758 exsecti
1519 1702 1693 1777 sunt,
1739 1691 1884 1773 sed,
1940 1682 2013 1759 ut
2061 1713 2174 1759 eos
2227 1691 2521 1761 formavit
2587 1698 2713 1777 guo
2767 1711 3060 1772 mimero,
3129 1712 3396 1780 quorum
3463 1709 3743 1758 aversam
3795 1697 3996 1759 totam
4054 1707 4166 1752 oc·

851 1830 865 1839 -
954 1791 1120 1861 fusio
1135 1843 1155 1876 ,
1219 1793 1449 1860 malleo
1514 1792 1765 1863 fuerunt
1810 1792 2095 1879 subJecti.
2196 1794 2260 1862 A
2315 1793 2522 1862 forma
2588 1802 2775 1882 cupat
2859 1793 3090 1860 cavitas
3177 1793 3487 1865 violenter
3568 1792 3909 1860 introrsum
3991 1810 4165 1855 cusa.

951 1895 1226 1963 rotunda
1273 1895 1470 1983 magis
1526 1894 1863 1963 deflectunt
1930 1899 2103 1964 numi
2162 1897 2521 1986 antiquissi-
2585 1896 2683 1963 Ea
2736 1896 2994 1965 nonnisi
3044 1896 3112 1960 in
3163 1896 3391 1977 numis
3423 1884 3811 1965 Graecorum
3865 1892 4166 1980 antiquis-

948 1999 1068 2081 mi,
1112 1998 1223 2087 qui
1262 1996 1395 2065 fere
1436 2007 1582 2066 sunt
1622 1998 1877 2085 globosi
1890 2049 1908 2082 ,
1964 2010 2030 2068 et
2068 1998 2247 2067 velut
2283 2020 2519 2071 massu-
2587 1999 2761 2066 simis
2799 1998 3122 2093 occurrit,
3185 2010 3253 2066 et
3307 2007 3556 2089 quanto
3623 1996 3737 2064 illa
3786 1992 4170 2085 profundius

950 2098 1052 2181 133
1088 2100 1443 2167 crassiores
1506 2110 1571 2168 et
1623 2100 1943 2169 informes.
2044 2101 2520 2189 Nonnunquam
2586 2086 2928 2171 introrsum
2977 2101 3140 2183 hiat,
3194 2111 3260 2169 et
3309 2111 3407 2169 est
3449 2099 3801 2182 informior,
3845 2105 4027 2166 tanto
4071 2098 4170 2163 in·

860 2208 885 2223 ⁸
922 2203 1020 2275 ,in
1099 2201 1249 2269 ovi
1276 2200 1532 2269 modum
1600 2201 2010 2281 diducuntur,
2082 2201 2300 2287 quales
2376 2209 2524 2267 sunt
2588 2178 2801 2317 1311133
2887 2219 3139 2267 numum
3211 2221 3354 2266 esse
3439 2200 3854 2288 antiquiorem
3867 2248 3887 2281 ,
3975 2207 4174 2285 atque

938 2323 1087 2389 ‚non
1128 2301 1308 2389 pauci
1352 2321 1435 2368 ex
1462 2302 1554 2367 iis
1598 2302 1853 2384 solidis,
1919 2322 2080 2389 quos
2136 2301 2363 2390 populi
2403 2303 2525 2369 Ita-
2592 2302 2710 2369 sub
2773 2301 2930 2390 ipsis
2995 2323 3106 2368 rer
3161 2302 3542 2369 monetariae
3597 2300 3991 2369 incunabulis
4059 2321 4169 2367 cu-

887 2462 901 2473 ,
955 2404 1064 2472 lici
1122 2401 1368 2485 fudere,
1431 2412 1519 2470 et
1555 2424 1676 2471 nos
1739 2405 1809 2470 in
1883 2401 2275 2490 ponderibus
2342 2404 2529 2470 etiam
2594 2424 2755 2473 sum.
2838 2404 2994 2489 Ejus
3052 2403 3353 2490 originem
3416 2406 3698 2473 cavitatis
3753 2405 3821 2471 in
3875 2424 3993 2470 suo
4048 2403 4174 2469 Pa-

808 2498 821 2509 *
922 2496 1276 2596 putamus·
1255 2555 1281 2591 ,
1317 2525 1558 2593 saepe
1627 2505 1815 2572 etiam
1878 2526 2102 2573 numus
2169 2527 2256 2573 ex
2318 2507 2527 2576 incau-
2593 2505 3035 2595 laeographiae
3104 2506 3573 2579 numismaficae
3638 2506 3978 2575 tentamine
4037 2502 4174 2572 ele-

955 2611 1119 2695 tiore
1187 2605 1399 2674 mallei
1467 2606 1595 2685 ictu
1678 2607 1844 2673 hanc
1915 2605 2183 2676 formam
2271 2609 2528 2700 accepia
2594 2619 2812 2697 ganter
2866 2630 2941 2676 33
2993 2628 3140 2677 vere
3173 2607 3469 2696 explicat
3519 2609 3782 2679 illustris
3834 2607 4171 2687 Barthele-

862 2706 867 2715 ¹
955 2710 1123 2779 Vide
1219 2708 1302 2776 de
1382 2706 1524 2774 hoc
1618 2718 1984 2829 argumento
2079 2711 2264 2798 plura
2359 2712 2528 2800 capi·
2595 2733 2778 2795 myus
2797 2711 2870 2796 ⁴).
2961 2710 3104 2792 Ait,
3170 2712 3389 2798 primis
3451 2713 3548 2779 rei
3610 2712 3995 2783 monetariae
4049 2710 4170 2777 ini-

958 2823 1023 2884 te
1064 2809 1247 2880 XXI.
2519 2813 2730 2892 1113,
2800 2804 3084 2878 nondum
3134 2821 3387 2902 reperta
3440 2822 3573 2880 arte
3619 2815 3690 2879 in
3740 2826 4004 2902 utraque
4055 2835 4171 2881 nu-

976 2939 981 2944 ·
1130 2911 1324 2979 Numi
1375 2911 1443 2976 in
1496 2911 1795 2998 Aegypto
1851 2912 2077 3000 signati
2138 2932 2273 2981 non
2330 2873 2528 2980 modo
2594 2914 2681 2982 mi
2722 2911 3050 3002 superficie
3105 2920 3326 3000 typum
3380 2913 3701 3000 signandi,
3761 2917 3872 2982 uni
3930 2925 4174 2985 tautmn

758 3061 769 3068 -
866 3101 881 3106 ³
956 3014 1369 3105 regnantibus
1399 3011 1808 3097 Ptolemaeis,
1865 3015 1981 3082 sed
2037 3022 2102 3083 et
2156 3002 2528 3081 Caesaribus
2592 3017 2757 3105 parti
2814 3013 3195 3084 arbitrariam
3249 3012 3447 3082 fnisse
3494 3026 3712 3085 notam
3764 3018 3998 3089 malleo
4050 3019 4168 3086 im·

958 3118 1178 3186 saltem
1230 3137 1429 3205 nsque
1483 3116 1566 3182 ad
1610 3116 1946 3185 Commodi
1992 3117 2321 3206 imperium
2377 3118 2528 3184 coni
2593 3138 2905 3206 pressam,
2992 3116 3516 3237 quemadmodum
3588 3121 3696 3187 in
3741 3121 3893 3188 artis
3961 3109 4171 3210 trpe-

956 3219 1225 3288 truncati
1287 3218 1522 3285 habent
1583 3217 1877 3302 formam,
1949 3220 2042 3286 sic
2108 3227 2177 3286 ut
2239 3218 2525 3307 periphe-
2593 3221 2931 3309 graphicae
3033 3215 3316 3290 infantia
3394 3222 3500 3288 uui
3592 3230 3832 3290 tantum
3919 3223 4172 3291 chartae

959 3323 1118 3388 riam
1204 3321 1687 3387 contractiorem
1755 3331 2022 3407 occupet
2081 3340 2229 3407 pars
2303 3322 2530 3402 antica,
2594 3323 2759 3411 parti
2843 3321 3086 3389 inducti
3168 3323 3344 3392 fuere
3431 3322 3851 3410 characteres,
3948 3347 4171 3430 aversa.

963 3423 1248 3489 latiorem
1292 3442 1437 3510 pars
1482 3442 1718 3490 aversa.
1811 3421 1943 3490 Sed
1992 3421 2100 3488 hic
2141 3420 2370 3489 modus
2415 3422 2530 3488 ob·
2598 3425 2849 3491 intacta.
2916 3423 3153 3492 Verum
3193 3447 3337 3492 cum
3379 3436 3580 3495 metus
3623 3438 3810 3512 esset,
3850 3450 3933 3500 ne
3961 3451 4170 3496 massa

900 3611 909 3620 ι
963 3525 1146 3591 113311
1210 3520 1465 3589 tantum
1509 3524 1577 3591 13
1652 3524 1895 3624 aeneis,
1984 3524 2155 3593 aurei
2228 3513 2531 3612 argentei-
2599 3523 2890 3594 feriundo
2976 3546 3168 3596 numo
3244 3505 3587 3602 destinata
3621 3532 3832 3598 inter
3862 3519 4170 3620 repetitos
4223 3505 4292 3586 κς

964 3648 1089 3715 que
1163 3623 1539 3693 ordinariam
1612 3605 1819 3711 legem
1891 3635 2267 3713 sequuntur,
2356 3631 2532 3714 cujus
2600 3625 2812 3698 mallei
2849 3630 3011 3696 ictus
3056 3629 3337 3714 cederet,
3399 3643 3465 3699 et
3515 3632 3675 3699 nihil
3717 3642 3885 3701 esset
3927 3634 4188 3728 subtus,

962 3726 1277 3796 varietatis
1333 3732 1520 3794 cau'sa
1582 3726 1734 3793 mihi
1796 3729 2028 3813 ignota.
2127 3727 2282 3795 Non
2349 3729 2534 3818 pauci
2602 3730 2777 3820 quod
2830 3733 3034 3818 primo
3089 3742 3378 3819 excepto
3423 3736 3548 3806 ictu
3611 3757 3879 3808 massam
3929 3721 4167 3823 figeret,
4195 3759 4210 3768 ·

966 3832 1151 3897 etiam
1204 3830 1444 3897 vicinae
1495 3828 1771 3897 Judaeae
1834 3831 2005 3900 numi
2062 3832 2328 3900 similem
2385 3833 2535 3900 coni
2598 3832 2836 3920 placuit
2911 3850 3050 3902 eam
3125 3835 3452 3923 imponere
3510 3836 3686 3908 ferro
3751 3838 3819 3906 13
3882 3837 4168 3908 obtusius

967 3932 1237 4000 truncati
1278 3932 1542 4000 formam
1586 3931 1927 4002 exhibent.
2345 3971 2348 3974 ·
2601 3955 2862 4005 acumen
2945 3935 3285 4019 desinenti,
3376 3960 3503 4028 quo
3569 3940 3829 4024 factum,
3919 3952 3988 4010 ut
4036 3923 4194 4029 jam·'
4279 3989 4296 4002 .

1138 4033 1434 4103 Formam
1523 4033 2035 4151 quadrilateram,
2124 4003 2256 4103 tum
2328 4037 2538 4126 specie
2603 4048 2756 4124 post
2783 4038 3061 4125 primum
3111 4040 3303 4107 ictum
3343 4056 3550 4110 massa
3592 4045 3672 4112 ab
3716 4045 4023 4130 impresso
4076 4046 4172 4115 in·

968 4137 1078 4204 ovi
1140 4135 1377 4203 habent
1438 4137 1610 4202 numi
1662 4127 2067 4225 'populorum
2130 4138 2348 4207 Italiae
2411 4155 2536 4208 ιιι3·
2603 4138 2780 4207 ferne
2863 4140 3014 4208 ferri
3101 4143 3383 4212 acumine
3465 4146 3868 4229 retineretur,
3911 4177 3918 4182 ·
3966 4168 4174 4234 neque

830 4259 865 4334 ,j
968 4237 1140 4327 (1133,
1158 4236 1279 4304 ·de
1324 4258 1451 4325 quo
1494 4237 1778 4304 instituto
1821 4240 2233 4309 insolentiore
2286 4259 2538 4329 agemus
2606 4243 2914 4330 amplius·
2907 4244 3085 4313 ·loco
3150 4257 3370 4333 posset
3427 4249 3696 4332 moveri,
3778 4250 3947 4317 unde
4013 4249 4174 4317 haec

968 4343 1034 4407 in
1101 4339 1577 4432 Prolegomenis
1663 4338 1746 4406 ad
1833 4363 2055 4409 numos
2131 4344 2348 4411 Italiae
2412 4367 2538 4412 me-
2606 4346 2673 4413 13
2714 4345 2813 4414 his
2857 4347 3058 4416 uumis
3103 4349 3358 4421 cavitas.
3405 4351 3592 4419 Artis
3637 4372 3975 4440 progressu
4015 4350 4176 4421 rude

945 4558 1888 4642 1d)81.'rxxlvpso
