4500 5650
1597 426 2117 577 cipxsrr
2223 478 2443 549 xvn.
2567 513 2576 521 -
2943 572 2947 576 .
3273 474 3710 585 ··-xcv11„

416 636 721 703 latissime
762 643 936 723 patet
961 634 1213 702 Dorica.
1302 636 1533 718 Dores,
1581 636 1689 723 qui
1732 646 1795 703 et
1824 636 1990 703 Aeo·
2059 637 2571 725 ΣΗμβριανοις
2613 658 2726 727 per
2767 638 3104 707 dialectum
3147 639 3445 705 Doricam
3487 664 3628 708 eva·

417 738 793 821 133,ιι3ιιι
811 747 881 804 ut
932 736 1195 804 eandem
1253 736 1403 804 olim
1466 738 1713 823 sedem,
1783 740 1876 804 sic
1929 749 1993 807 et
2061 759 2199 803 sere
2268 742 2448 805 ΜΕΊ
2451 741 2859 826 Ἀμβριανοι.
2966 740 3134 807 Vide
3207 740 3361 808 olim
3427 764 3465 807 a
3530 764 3630 810 me

418 826 694 938 linguam
759 840 1074 917 habuere,
1159 861 1347 927 supra
1412 841 1712 908 Isthmum
1772 842 1989 928 p'ositi,
2063 839 2377 927 disputata
2394 839 2474 916 ¹).

419 943 587 1009 ancti
636 941 867 1011 sobole
918 938 1313 1039 Megaridem
1368 944 1631 1030 primum
1682 945 1988 1023 invasere,
2230 940 2490 1008 Factum
2545 961 3022 1030 nonnunquam,
3079 955 3149 1010 ut
3198 965 3323 1011 una
3381 943 3627 1012 eadem·

419 1043 650 1123 deinde
694 1043 779 1110 ab
820 1043 1177 1109 Heraclidis
1223 1045 1289 1110 in
1336 1040 1848 1132 Peloponnesum
1891 1068 1985 1112 re-
2059 1062 2181 1128 que
2224 1044 2374 1110 urbs
2417 1045 2589 1110 varia
2634 1044 2902 1111 dialecto
2945 1054 3171 1111 numos
3211 1067 3363 1111 suos
3405 1048 3626 1117 inscri-

419 1145 589 1212 ducti
647 1144 858 1213 multis
910 1146 986 1212 *in
1039 1167 1114 1215 ea
1169 1146 1440 1214 conditis
1495 1149 1753 1215 urbibus
1808 1148 1986 1223 colo·
2058 1143 2251 1212 beret.
2341 1145 2633 1235 Plerique
2678 1147 3026 1214 Heracleae
3068 1149 3408 1230 Bithyniae
3452 1150 3637 1229 numi,

350 1245 365 1255 ’
416 1248 659 1315 uiarum
710 1247 883 1314 foras
938 1248 1262 1316 missarum
1316 1270 1573 1318 numero
1640 1272 1798 1337 prae
1847 1251 1985 1317 aliis
2057 1268 2407 1313 sermonem
2451 1249 2688 1316 habent
2729 1249 3064 1327 Doricum,
3123 1259 3186 1315 at
3227 1239 3374 1331 sunt
3415 1250 3622 1329 etiam,

413 1338 778 1433 inclaruere.
896 1349 1132 1416 Dorice
1168 1344 1341 1437 sergo
1399 1364 1713 1437 monetam
1770 1353 1986 1418 inseri·
2056 1350 2163 1435 qui
2225 1349 2509 1416 Ionicum
2578 1349 2878 1430 offerunt,
2959 1350 3136 1436 quod
3197 1348 3369 1417 haud
3435 1349 3625 1417 dubie

413 1472 601 1540 psere
654 1450 745 1518 in'
783 1454 1046 1519 Graeci‘a
1100 1457 1357 1542 propria
1408 1455 1627 1536 Locri,
1697 1455 1985 1543 Megara,
2057 1449 2328 1537 duplicis
2369 1452 2575 1537 gentis
2617 1453 3019 1539 permixtioni
3065 1461 3161 1519 est
3203 1452 3620 1519 tribuendum.

415 1553 933 1642 Peloponnesus,
984 1554 1239 1623 de‘inde
1312 1556 1805 1645 propagantibus
1868 1555 1985 1622 lin·
2053 1551 2230 1619 Idem
2283 1554 2637 1622 observavi
2666 1555 2731 1621 in
2789 1548 3043 1629 moneta
3060 1545 3397 1641 ‘Neapolis
3444 1555 3622 1620 Cam·

412 1676 605 1741 guam
688 1655 932 1721 colonis
1014 1657 1201 1729 urbes
1273 1658 1696 1743 Acarnaniae,
1776 1658 1982 1745 Epiri,
2053 1656 2294 1741 paniae.

270 1756 288 1767 ⁴
413 1755 689 1838 Illyrici,
739 1754 1090 1843 complures
1122 1758 1438 1822 Graeciae
1498 1772 1791 1842 magnae,
1812 1760 1984 1821 uni-
2221 1756 2512 1822 Observo
2600 1766 2953 1843 praeterea,
3041 1756 3232 1825 urbes
3322 1702 3642 1840 Graecas,

400 1867 595 1943 'versa
637 1856 887 1939 Sicilia,
950 1856 1032 1923 de
1083 1860 1258 1943 cujus
1318 1856 1588 1925 dialecto
1643 1859 1710 1923 in
1767 1856 1982 1923 Prole·
2048 1875 2280 1941 easque
2334 1855 2501 1922 forte
2559 1879 2807 1938 omnes,
2882 1857 3126 1942 abjecta
3179 1858 3490 1925 dialecto
3508 1882 3615 1926 na·
3717 1910 3732 1919 .

409 1960 697 2047 gomenis
760 1954 885 2025 ad*
924 1958 1058 2044 ejus
1092 1986 1097 1991 ·
1127 1958 1315 2025 urbes
1403 1961 1691 2057 privatim
1734 1988 1741 1997 ·
1779 1980 1979 2046 agam,
2045 1958 2173 2021 tiva
2239 1956 2562 2044 paullatim
2631 1958 2959 2041 dialectum
3028 1980 3419 2026 communem
3491 1983 3615 2061 arn·

414 2062 606 2130 urbes
672 2061 911 2149 aliquot
971 2061 1311 2143 Thraciae,
1384 2062 1452 2129 in
1517 2052 1672 2129 Asia
1737 2062 2009 2127 ιιιίιιοι3
2044 2057 2284 2145 plexas.
2371 2060 2591 2127 Thasii
2640 2061 2707 2141 in
2752 2059 3193 2147 antiquissimis
3236 2062 3367 2128 suis
3410 2064 3615 2130 numis

410 2164 711 2246 Rhodus,
758 2165 972 2245 Caria,
1018 2164 1362 2231 nonnullae
1405 2163 1811 2245 Bithynicae,
1869 2162 1976 2228 de·
2045 2160 2356 2251 scripsere
2393 2161 2630 2227 Dorice
2677 2162 3056 2241 ΘΑΤΙΩΝ,
3120 2160 3418 2250 deinceps
3463 2185 3615 2231 con-

407 2268 599 2354 nique
643 2267 869 2347 Creta,
897 2275 961 2332 et
1001 2265 1067 2329 in
1110 2265 1324 2333 Africa
1370 2260 1634 2349 Cyrene.
1723 2266 1826 2330 Ex
1872 2286 1976 2330 co·
2045 2260 2281 2329 stanter
2312 2263 2695 2329 ΘΑΣΙΩΝ.
2771 2263 3210 2345 Methymnaei
3251 2265 3465 2344 Lesbi,
3507 2268 3616 2354 qui

408 2368 598 2434 loniis
663 2367 935 2449 Ionicis,
1012 2388 1268 2454 quarum
1341 2369 1669 2434 maximam
1736 2377 1977 2454 partem
2045 2362 2251 2430 adhuc
2336 2365 2455 2429 sub
2527 2367 2803 2450 Trajano
2890 2360 3156 2432 Aeolice
3239 2389 3342 2432 se
3398 2367 3617 2436 dixere

302 2522 317 2541 -.
411 2471 617 2537 emisit
643 2468 928 2550 Miletus,
975 2468 1188 2554 lingua
1231 2470 1431 2556 patria
1471 2471 1538 2536 in
1581 2468 1782 2537 numis
1825 2491 1976 2535 usae
2041 2468 2613 2563 DOEAOYpagoecovg,
2659 2466 3039 2551 (Pellerin.)
3077 2470 3276 2536 serius
3327 2467 3614 2538 dicuntur

210 2616 217 2623 ·
324 2604 337 2611 -
408 2582 557 2638 sunt
609 2570 937 2638 Massilia
959 2570 1234 2652 Galliae,
1289 2571 1546 2638 Abdera
1599 2580 1663 2638 et
1704 2571 1974 2660 Apollo·
2043 2570 2539 2634 ΜΗΘΤΜΝΑΙ
2539 2572 2640 2634 01.
2729 2571 2833 2634 Ex
2877 2572 3409 2654 Μεταμβριανοις
3464 2572 3612 2637 facti

406 2674 517 2740 nia
554 2658 893 2755 Thraciae,
950 2682 1065 2741 etc.
1152 2672 1417 2740 Aeolice
1472 2684 1717 2761 praeter
1755 2674 1973 2743 Aeoli·
2046 2671 2584 2756 Μεσαμβριαγοι,
2612 2669 2778 2737 forte
2809 2680 2884 2737 et
2901 2671 3366 2755 Μεσηβριανοὶ.
3410 2672 3610 2747 (vail-

408 2775 551 2844 dem
591 2776 795 2844 locuti
837 2784 983 2840 sunt
1022 2776 1191 2842 numi
1232 2776 1473 2842 vicinae
1515 2774 1725 2843 Lesbi.
2043 2771 2220 2856 lant.)
2307 2773 2385 2838 In
2437 2771 2876 2859 antiquissimis
2931 2764 3144 2858 regum
3187 2773 3614 2842 Macedoniae

580 2878 826 2944 Harum
867 2875 1151 2966 cognitio·
1185 2876 1594 2943 dialectorum
1638 2894 1824 2963 saepe
1867 2896 1972 2943 ne·
2038 2875 2242 2941 numis
2285 2874 2521 2941 Dorice
2545 2875 3115 2944 ΑΛΕΞΑΝΔΡΟ.
3147 2866 3610 2944 ΑΡΧΕΛᾸΟ.
3711 2905 3740 2916 ³

409 2980 684 3044 cessaria
722 2989 825 3044 'est
866 2978 945 3042 ad
985 2969 1399 3044 collocandos
1441 2978 1557 3045 rite
1600 2998 1824 3047 numos
1870 2996 1966 3043 ur·
2035 2977 2426 3044 AMrNTA.
2473 2976 2997 3053 HAYEAMA„
3054 2984 3119 3056 at
3169 2978 3318 3042 inde
3371 3001 3410 3043 a
3463 2978 3607 3043 Phi·

296 3106 323 3118 ··
407 3081 583 3148 bium
642 3080 1172 3159 homonymarum.
1290 3079 1399 3145 Sic
1436 3080 1629 3150 ‘numi
1684 3079 1968 3167 inscripti
2033 3081 2212 3168 lippo
2276 3077 2587 3159 Amyntae
2657 3076 3148 3145 ΦΙΛΙΠΠΟΥ.
3201 3077 3606 3150 ΑΛΕΞΑΝ

150 3187 168 3204 “
254 3203 269 3214 ‘
399 3183 642 3248 Dorice
672 3182 1425 3249 ΑΠΟΛΛΩΝΙΑΤΑΝ
1462 3203 1601 3248 esse
1644 3204 1777 3248 non
1818 3199 1967 3269 pos·
2034 3185 2272 3250 ΔΡΟΥ.
2329 3189 2447 3247 etc
2566 3176 2795 3264 Neque
2850 3199 3003 3243 vero
3057 3177 3412 3262 coloniae,
3450 3202 3606 3269 quas

264 3305 273 3310 ·
404 3294 549 3351 sunt
602 3282 1155 3370 Apolloniatarum
1206 3283 1541 3368 Thraciae,
1614 3287 1725 3373 qui
1778 3286 1965 3351 Iones
2035 3281 2427 3350 Macedones
2470 3300 2584 3367 per
2626 3278 2981 3345 universum
3011 3280 3332 3347 Orientem
3372 3302 3601 3368 magno

395 3386 602 3478 fuere,
672 3407 878 3473 neque
936 3385 1218 3473 inscripti
1271 3387 1488 3453 Ionice
1539 3385 1968 3454 ΑΠΟΛΛΩ-
2035 3406 2297 3454 numero
2363 3367 2756 3462 fundavere,
2817 3380 3000 3476 aliam
3065 3382 3135 3449 in
3199 3384 3402 3449 numis
3474 3384 3602 3451 dia-

402 3490 818 3558 ΝΙΗΤΕΩΝ
861 3509 1003 3554 esse
1058 3497 1327 3577 possunt
1378 3488 1762 3573 Apolloniae
1816 3487 1968 3570 Illy·
2035 3489 2293 3574 lectum,
2351 3494 2784 3639 praeterquam
2838 3472 3259 3582 communem,
3315 3495 3462 3552 sunt
3507 3509 3602 3555 se·

318 3659 335 3664 ,
406 3591 548 3672 rici,
610 3587 787 3678 c'ujus
838 3590 1089 3658 incolae
1139 3613 1255 3678 per
1309 3597 1568 3656 matrem
1625 3589 1968 3673 Corcyram
2035 3595 2231 3658 cutae.
3535 3635 3544 3640 -

410 3691 582 3758 fuere
641 3703 903 3781 nepotes
963 3692 1252 3764 Corinthi
1302 3692 1593 3757 Doricae.
1726 3689 1968 3756 Similia

284 3831 293 3834 a
350 3791 355 3795 ’
409 3792 640 3859 indicia
704 3795 784 3861 ad
852 3785 1301 3864 discernendos
1372 3804 1469 3890 tot
1520 3791 1969 3860 Heraclearum

388 3895 651 3964 -nu‘mos'
688 3896 944 3964 multum
996 3897 1223 3963 valent.
1331 3895 1578 3963 Horum
1635 3883 1762 3985 ope
1814 3894 1966 3960 edo-

2258 3860 2357 3925 De
2377 3860 2597 3942 foma
2638 3756 2947 3928 Ηυξ-αξη
2993 3861 3379 3930 Θταοοωιιπι.

402 4008 540 4065 ctus
602 4020 768 4080 snm,
843 3997 1163 4085 quoddam
1226 4017 1559 4064 numerum
1614 4020 1821 4084 genus-
1873 3998 1981 4062 ἰιι-ᾼ
2199 3991 2303 4059 De
2341 3992 2465 4058 1ι33
2507 3993 2626 4058 viri
2668 3992 2910 4081 aliquot
2955 3993 3234 4079 insignes
3291 3993 3599 4062 consultis

398 4099 698 4187 scriptum
754 4100 1060 4183 ΜΕΤΑ,
1114 4099 1265 4166 inde
1321 4122 1360 4169 a
1404 4100 1661 4168 Goltzio
1715 4101 1783 4167 in
1824 4098 1963 4165 Me-
2036 4094 2344 4161 omnibus.
2388 4103 2663 4194 veterum
2731 4096 3146 4162 monumentis
3216 4095 3480 4184 copiose
3534 4105 3624 4161 et‘

396 4204 646 4290 taponti
702 4213 954 4271 moneta
994 4202 1305 4282 habitum,
1360 4224 1501 4268 esse
1544 4200 1966 4268 Mesembriae
2033 4197 2279 4266 erudite
2330 4198 2741 4284 scripserunt,
2814 4207 2965 4285 post
3017 4219 3281 4287 quorum
3333 4205 3598 4263 conatus

374 4305 727 4371 ,Thi-aciae.
836 4304 1043 4391 Hujus
1099 4306 1263 4372 enim
1322 4305 1624 4396 oppidani
1677 4324 1759 4372 ex
1812 4305 1964 4370 ΜΕ·
2037 4300 2350 4366 ἰιιιιιι13ιιι
2413 4320 2669 4387 possem
2766 4300 3117 4367 existimare
3209 4307 3620 4387 praesentem<

532 4523 585 4589 l)
616 4525 769 4578 Num.
802 4539 900 4580 vet·
935 4545 990 4596 p·
1026 4528 1112 4582 58.
1546 4583 1552 4588 ,
2795 4557 2799 4561 ·
3235 4579 3246 4584 -

466 4623 616 4690 (1⁷01.
650 4623 732 4692 ι.)
785 4650 796 4658 -
848 4602 859 4609 ’
916 4655 925 4660 -
3155 4600 3200 4650 ιι

72 4869 73 4872 “
778 4880 797 4894 e
1449 4877 1453 4883 ’
3463 4856 3502 4895 n.

1792 4982 1821 4992 -

1516 5083 1521 5092 ι
1808 5067 1835 5079 t
2389 5091 2406 5097 ⁸

800 5111 815 5124 .
957 5116 963 5119 ,

270 5215 287 5226 '⁸
1146 5235 1151 5238 .
1225 5227 1231 5233 .
2667 5219 2674 5227 ·
3189 5235 3194 5236 ι

1040 5241 1051 5260 ἱ
3537 5259 3548 5270 d

82 5409 91 5420 ι
643 5413 653 5428 4
1134 5417 1141 5425 ,

1414 5461 1451 5478 κ

210 5511 235 5522 -
384 5503 391 5510 ⁸
750 5535 767 5544 υ
1157 5552 1169 5562 ,
1799 5533 1809 5543 t

342 5561 383 5592 -““
500 5563 523 5574 “
692 5587 889 5612 *aab*
924 5609 999 5612 ,ι
1044 5573 1061 5578 “
1294 5609 1327 5612 Α
1766 5589 1859 5612 ,ν
1900 5581 1961 5612 ιι
2060 5571 2744 5613 *mm-...-
2795 5547 3640 5614 ι*κιαι-..ω...ΑΨ-Β-ςιιι...
