4500 5650
388 1742 674 1823 *argento
716 1742 781 1800 et
823 1756 1013 1817 auro,

1662 552 1719 623 c
1754 551 1817 623 A
1844 507 1911 623 ι’
1946 552 2019 627 v
2052 554 2117 625 T
2186 527 2371 627 vm.
3408 522 3630 629 uua

414 718 619 789 ww?
699 708 840 780 πάπι
898 717 1028 781 &leo
1089 727 1321 809 parem
1376 690 1697 801 Argentini
1757 717 1993 783 Amu-
2061 725 2162 782 tae
2238 716 2308 783 in
2390 722 2641 781 moneta
2713 729 2910 783 aenea
2979 715 3397 805 acquievere,
3442 726 3629 805 atque

266 864 303 923 .'
414 821 620 885 ὶαπιυπ
660 806 1023 899 potumve,
1094 825 1235 903 φάει
1276 823 1457 903 prius
1518 839 1695 887 aerea
1740 822 1993 900 pecunia
2058 818 2200 906 ipse
2253 818 2439 885 etiam
2494 818 2752 887 Servius
2804 814 3123 901 Tullius,
3156 828 3446 887 monetae
3496 818 3627 889 Ro·

412 924 483 993 in·
521 942 637 987 usu
658 934 807 986 esse
844 925 1063 1002 coepit,
1100 932 1241 1003 post
1280 932 1588 1005 argentea
1663 918 1989 1007 Additque
2057 940 2280 987 manae
2335 928 2551 987 auctor
2611 920 2801 1006 vulgo
2877 920 3230 993 creditus..
3281 920 3478 999 Quod
3515 920 3626 989 de'·

415 1019 657 1108 Ῑθριιοξ
767 1026 956 1086 miror
1036 1034 1276 1101 αιιισπι,
1386 1024 1543 1109 W
1619 1024 1987 1104 Argentum-3
2055 1022 2207 1089 inde
2262 1022 2613 1091 civitatibus
2684 1023 2934 1091 evenire
2985 1020 3171 1106 solet,
3261 1043 3432 1111 quae
3493 1046 3626 1093 non
3663 1040 3678 1051 “·

413 1128 784 1206 ποπεσπυιι
834 1125 1173 1203 Amnum,
1260 1131 1405 1210 quia
1473 1136 1529 1193 σι
1598 1145 1786 1191 wea
1850 1124 1984 1190 suh-
2055 1132 2392 1199 contentae
2461 1125 2610 1191 aviti
2675 1125 2806 1210 agri
2864 1122 3092 1193 finibus
3160 1122 3336 1191 foras
3386 1119 3624 1213 cupidi-

411 1236 618 1293 secuta
656 1237 774 1304 eet,
832 1248 1001 1311 quem
1037 1231 1212 1295 deum
1252 1231 1355 1294 isti
1390 1232 1449 1293 ει·
1494 1229 1800 1303 mam,
1875 1232 1984 1293 eie·
2054 1234 2244 1295 tatem
2307 1226 2558 1311 evagari
2623 1220 2975 1317 patiuntur,
3062 1234 3162 1303 ut,
3239 1244 3384 1301 ιιοιι
3455 1225 3622 1297 suffi-

410 1339 482 1395 ιιι
534 1331 797 1394 Saturno
858 1330 1106 1414 «Τουσπι,
1193 1335 1281 1393 ita
1334 1339 1390 1393 σι
1436 1336 1608 1411 patri
1657 1334 1985 1413 Argcm’no
2053 1330 2288 1395 ciente
2321 1328 2403 1396 ad
2454 1324 2786 1399 meditatos
2840 1334 3123 1414 sumptus
3179 1349 3353 1411 aere,
3440 1328 3622 1397 nobi·
3693 1316 3704 1323 ”

410 1442 473 1496 σι
510 1453 624 1496 avo
663 1432 998 1497 Aescu-lenio
1042 1434 1335 1498 Animam
1367 1444 1820 1519 praeponerent.
2052 1430 2278 1498 liorem
2296 1480 2318 1514 ,
2405 1452 2500 1497 ao
2538 1432 2874 1519 propterea
2939 1429 3135 1514 magis
3186 1378 3457 1496 validam
3515 1428 3630 1496 co·'

587 1531 829 1613 Quaeri
880 1531 1008 1598 hoc
1061 1530 1212 1598 loco
1266 1539 1503 1620 potest,
1566 1543 1771 1601 utrum
1829 1552 1978 1598 con·
2042 1542 2268 1619 gantur
2362 1540 2674 1600 monetam
2764 1525 3001 1597 auxilio
3089 1552 3372 1613 vocare,
3451 1530 3626 1599 istud

410 1640 537 1698 stet
582 1629 662 1699 de
705 1640 874 1698 certa
928 1631 1139 1720 aliqua
1193 1654 1411 1714 causa,
1473 1654 1582 1700 cur
1628 1632 1856 1717 Graeci
1898 1634 1977 1699 ab
2048 1635 2422 1722 Spartanis,
2512 1616 2938 1720 Romanisque
3011 1634 3296 1700 evenisse
3368 1654 3622 1722 compe·

1074 1734 1215 1809 Itali
1270 1733 1349 1801 ab
1394 1755 1537 1801 aere
1587 1758 1722 1804 rem
1765 1756 1977 1802 mone·
2045 1738 2260 1804 rimus.
2343 1736 2450 1804 Illi
2489 1735 2787 1816 instituti,
2864 1733 3042 1822 quod
3086 1758 3126 1801 a
3176 1735 3474 1822 Lycurgo
3521 1759 3620 1802 ac-

412 1836 633 1902 tariam
684 1858 687 1861 ’
730 1836 1236 1924 auspicarentur,
1274 1830 1285 1841 ’
1352 1835 1562 1904 alteris
1659 1847 1979 1926 argentum
2046 1848 2384 1927 ceperant,
2439 1839 2540 1907 'in
2619 1836 2894 1924 speciem
2943 1845 3193 1903 tenaees
3237 1860 3277 1903 a
3326 1837 3619 1907 fatendo

412 1946 483 2009 et
520 1960 735 2005 ain-um
750 1985 770 2019 ,
842 1931 1053 2005 alteris
1112 1959 1219 2005 aes
1271 1958 1458 2005 unam
1512 1940 1737 2006 mercis
1790 1940 1980 2006 ratio·
2048 1953 2180 2023 tum
2267 1939 2521 2031 quidem
2608 1946 2867 2025 argento
2956 1937 3415 2020 abstinuerunt,
3501 1938 3622 2007 sed

416 2061 567 2107 nem
615 2036 889 2106 haberet.
988 2040 1151 2125 Ajo,
1218 2038 1301 2106 de
1353 2040 1499 2106 solo
1554 2042 1710 2111 mihi
1762 2042 1981 2108 utrius-
2049 2051 2286 2110 tantam
2351 2063 2465 2130 per
2536 2038 2709 2108 bella
2780 2047 3041 2109 externa
3097 2038 3262 2121 anri,
3347 2041 3618 2128 argenti-
3646 2038 3656 2046 “

362 2203 367 2206 ,
410 2161 545 2227 gne
595 2138 794 2241 gentis
847 2151 1136 2207 constare
1186 2141 1503 2223 instituto,
1578 2134 1711 2207 non
1776 2150 1984 2213 tamen
2049 2164 2173 2235 que
2240 2143 2469 2230 signati
2530 2138 2654 2206 vim
2721 2139 3015 2208 thesauro
3082 2140 3342 2228 publico
3396 2142 3616 2209 intule-
3745 2230 3748 2237 ⁴
3817 2162 3826 2171 “

410 2241 498 2309 'de
541 2251 709 2313 certa
750 2262 955 2308 causa.
1041 2242 1127 2308 Et
1169 2262 1320 2309 vero
1365 2264 1498 2315 non
1541 2243 1756 2331 paucis
1786 2240 1979 2310 Grae·
2047 2256 2195 2313 runt
2211 2294 2229 2328 ,
2277 2252 2567 2336 quantam
2617 2250 2778 2308 teste
2828 2240 3098 2311 Platone
3148 2264 3262 2331 per
3313 2232 3619 2333 reliquam

413 2345 547 2411 ciae
587 2343 844 2431 populis
885 2344 1039 2430 ipsa
1073 2342 1205 2409 loci
1265 2355 1486 2413 natura
1535 2355 1856 2432 argentum
1910 2344 1976 2409 in
2022 2348 2374 2418 Graeciam
2415 2345 2689 2433 reperire
2726 2365 2857 2410 non
2897 2344 3033 2414 fuit.
3117 2344 3392 2413 Romani
3425 2345 3620 2414 nulla

411 2456 725 2528 monetam
817 2445 1163 2515 liberaliter
1258 2447 1666 2537 praeparavit.
1818 2447 1975 2531 Ejus
2042 2448 2184 2537 lege
2229 2447 2538 2529 adstricti,
2612 2445 2973 2515 liberaliore
3030 2446 3261 2516 deinde
3301 2467 3417 2534 per
3459 2430 3615 2532 Pyr-
3633 2495 3644 2501 -

410 2550 659 2666 ,copiam
731 2569 1022 2636 reperere
1091 2548 1510 2619 Athenienses
1592 2550 1658 2616 in
1740 2546 1976 2619 fodinis
2043 2552 2147 2619 rhi
2203 2550 2440 2618 bellum
2494 2568 2633 2616 cum
2704 2548 3056 2617 civitatibus
3123 2548 3382 2619 Graecis
3445 2562 3614 2617 ‘com-

264 2680 291 2703 κ
412 2652 541 2721 suis
624 2650 1046 2730 Laurenticis,
1135 2651 1385 2721 Thasii
1436 2653 1504 2717 in
1585 2646 1976 2739 Scaptesylm
2043 2652 2282 2721 mercio
2341 2651 2575 2737 J‘iineti,
2662 2671 3024 2733 assuescere
3089 2646 3271 2716 etiam
3326 2661 3616 2721 monetae

921 2752 1264 2769 .....

410 2755 774 2823 Damasteni
802 2752 997 2846 Epiri
1036 2774 1104 2820 ιιι
1146 2776 1354 2821 vicino
1398 2762 1615 2821 tractu.
1693 2752 1975 2840 Argento
2045 2763 2378 2842 argenteae
2421 2774 2733 2850 soepere,
2804 2774 3070 2843 cumque
3134 2750 3455 2841 paullatim
3516 2774 3612 2823 te-

408 2858 595 2946 igitur
663 2859 733 2923 ιιι
802 2862 1092 2950 monetae
1160 2879 1339 2926 usum
1392 2879 1431 2923 a
1492 2855 1771 2954 populis
1802 2852 1977 2949 locu·
2044 2856 2341 2945 gionibus
2417 2856 2840 2924 transmarinis
2920 2855 3259 2938 inhiarent,
3356 2869 3482 2924 e'x
3519 2878 3613 2924 ar-

364 3871 369 3878 ’
416 3869 546 3948 ιίιιιι
616 3880 1073 3987 praeferretur..

344 3002 361 3011 -
410 2959 787 3049 pletioribus
827 2957 1162 3048 antiquitus
1206 2961 1546 3027 constituto
1564 3008 1585 3042 ‚
1658 2958 1766 3025 alii
1823 2980 1974 3047 quo-

346 3083 359 3094 ·
416 3083 545 3150 qne
613 3070 854 3150 partum
922 3063 1307 3130 commerciis
1386 3071 1703 3150 argentum
1763 3058 1977 3128 incudi

387 3161 876 3238 ‚commiserunt-
973 3165 1170 3252 Atqui
1229 3175 1411 3252 turpe
1465 3163 1724 3232 Graecis
1784 3161 1977 3229 fuisse

395 3287 645 3384 ,visun-i,
749 3289 787 3333 8
855 3265 1109 3355 moneta
1192 3277 1483 3355 argentea
1556 3264 1639 3356 ad
1721 3277 1978 3342 aeneam

408 3369 677 3450 nansire
690 3418 711 3452 ‚
789 3377 1194 3438 memoratum
1261 3391 1451 3458 snpra
1501 3348 1977 3460 Atheniensium

404 3472 765 3563 exemplum
848 3469 1079 3540 affatim
1166 3471 1390 3554 docet,
1479 3492 1521 3537 a
1591 3471 1823 3562 quibus
1885 3470 1977 3538 ιιι·

409 3586 609 3643 vecta
654 3595 876 3642 recens
947 3582 1201 3642 moneta
1276 3593 1472 3641 aenea
1545 3573 1763 3662 paullo
1829 3584 1980 3663 post

412 3675 635 3746 nerum
685 3676 804 3746 fuit
863 3677 1178 3764 abrogata.
1258 3671 1440 3744 Alibi
1496 3697 1716 3745 causae
1758 3676 1976 3745 civiles

415 3776 721 3892 fecerunt,
790 3790 859 3847 ιιι
918 3779 1233 3848 metallum
1303 3778 1585 3868 ignobile
1642 3781 1712 3847 ιιι
1760 3800 1974 3846 mone-

1171 3881 1382 3971 Apud
1437 3883 1782 3981 Spartanos
1848 3882 1974 3976 Ly-

411 4003 688 4071 curgus,
765 3994 837 4052 ut
893 3988 1276 4074 privatorum
1337 3984 1554 4052 luxum
1581 4033 1601 4067 ‚
1692 3984 1972 4052 ambitio·

406 4107 555 4156 nem
578 4135 598 4170 ,
684 4090 1028 4176 potentiam
1050 4137 1070 4171 ‚
1112 4097 1382 4175 magna
1433 4089 1500 4155 ιιι
1554 4081 1768 4155 liberis
1826 4086 1973 4154 civi·

298 4214 323 4226 ⁴
406 4189 643 4258 tatibus
704 4190 991 4279 pericula
1052 4200 1394 4273 averteret,
1467 4191 1781 4280 antiquata
1841 4213 1975 4258 mo·

406 4301 559 4359 neta
599 4313 813 4362 aurea
883 4302 1068 4383 atque
1143 4304 1434 4380 argentea
1496 4293 1737 4362 ferreae
1798 4315 1976 4362 usum

405 4394 715 4480 instituit,
771 4395 946 4484 quod
989 4394 1306 4464 tradidere
1348 4388 1705 4485 scriptores
1731 4396 1993 4513 copiosi

364 4496 566 4564 alibi
590 4520 648 4565 a
689 4498 877 4565 nobis
919 4498 1129 4584 citati.
1190 4498 1291 4564 Ac
1343 4497 1507 4594 forte
1552 4485 1776 4565 Italiae
1832 4498 1978 4566 civi-

409 4608 572 4667 tates
630 4600 851 4670 eadem
912 4621 1052 4668 cum
1112 4599 1405 4686 Lycurgo
1452 4598 1747 4687 pericula
1822 4600 1977 4668 veri-

258 4729 279 4736 *
370 4757 387 4764 -
478 4715 745 4788 (Vol-L)

2044 2969 2236 3048 gento
2302 2957 2488 3024 etiam
2543 2956 2730 3024 ferire
2782 2975 3010 3038 numos
3067 2957 3151 3024 ad
3213 2960 3614 3045 propositum

2045 3084 2223 3130 suum
2265 3060 2462 3146 magis
2517 3051 2838 3127 valituros.
3088 3091 3092 3095 >

2207 3162 2446 3238 ,Graeci
2493 3161 2762 3249 primum
2813 3181 3028 3249 regum
3055 3157 3429 3234 ,Alexandri
3467 3182 3608 3228 sue·

2044 3287 2365 3354 cessorem
2389 3313 2409 3346 ,
2500 3263 2728 3332 deinde
2788 3264 3221 3331 Romanorum
3269 3262 3460 3332 bellis
3519 3274 3609 3332 at·

2043 3369 2176 3435 triti
2226 3363 2592 3456 impellente
2638 3367 2903 3455 penuria
2959 3387 3064 3434 aes
3124 3366 3308 3433 etiam
3362 3366 3428 3432 in
3476 3383 3610 3434 mo·

2043 3480 2227 3540 netae
2297 3462 2716 3544 consortium,
2763 3468 3086 3536 admittere
3164 3471 3309 3536 sunt
3387 3469 3608 3540 coacti.

2045 3573 2178 3660 Sed
2229 3583 2329 3639 est
2369 3572 2733 3655 verisimile,
2797 3596 2837 3639 a
2891 3571 3207 3660 plerisque
3261 3569 3608 3660 civitatibus

2042 3677 2111 3743 ιιι
2150 3684 2444 3746 monetae
2485 3674 2869 3744 consortium
2926 3683 3216 3742 vocatum
3273 3673 3456 3742 otiam
3475 3755 3484 3764 ι
3500 3693 3607 3742 aes

2045 3799 2231 3846 causa
2300 3799 2450 3848 usus
2533 3775 2979 3845 commodioris
3002 3826 3021 3858 ,
3111 3796 3253 3842 cum
3336 3773 3609 3846 leviores
3714 3784 3750 3794 '⁷

2044 3890 2327 3969 sumptus
2379 3880 2447 3947 ιιι
2501 3880 2648 3947 foro
2709 3901 2915 3946 rerum
2977 3875 3285 3951 venalium
3337 3872 3608 3946 faciendi

2042 3992 2283 4067 essent,
2327 3982 2409 4049 ad
2454 4005 2637 4072 quem
2677 3983 2870 4075 finem
2907 3980 2974 4050 ιιι
3015 3988 3275 4066 argento
3322 3977 3605 4066 obtinen-

2045 4087 2195 4154 dum
2264 4107 2524 4154 neeesse
2594 4084 2712 4155 fuit
2778 4094 2905 4152 tam
2975 4091 3195 4150 tenues
3216 4130 3272 4164 ,
3324 4079 3606 4169 levisque

2043 4188 2347 4280 ponderis
2400 4188 2584 4255 ferire
2625 4207 2852 4255 numos
2871 4236 2891 4270 ,
2964 4195 3036 4258 ιιι
3086 4179 3346 4280 tractati
3369 4203 3408 4249 e
3450 4181 3603 4268 digi-

2043 4294 2125 4360 tis
2169 4290 2358 4360 facile
2396 4289 2825 4371 elaberentur,
2911 4301 2976 4356 et
3030 4308 3221 4374 saepe
3269 4284 3469 4370 elnwi
3508 4304 3604 4349 re-

2043 4395 2235 4487 periri
2278 4392 2543 4482 amplius
2585 4413 2719 4462 non
2760 4399 3059 4488 possent,
3101 4383 3453 4471 cujusmodi
3492 4403 3599 4452 nn·

2044 4518 2185 4566 mos
2261 4496 2488 4566 obvios
2559 4493 2858 4562 habemus
2930 4494 2997 4560 in
3065 4496 3316 4558 moneta
3369 4485 3598 4568 Attica,

2047 4610 2111 4669 et
2165 4619 2426 4714 magnae
2479 4596 2795 4663 Graeciae.
2880 4593 3220 4663 Enimvero
3285 4588 3599 4670 existimo,

3137 4719 3175 4762 e
3233 4757 3252 4767 -
