4500 5650
1679 507 1729 525 e

968 533 1153 588 val

1421 678 1455 755 §
1498 672 1559 743 5.
1643 673 1831 742 Nunti
1867 682 2106 746 θεηταί.

1036 788 1041 799 “
1149 780 1461 847 Serratos
1501 797 1730 844 numos
1795 798 2097 845 vocamus
2166 797 2317 859 eos,
2392 768 2547 866 quo·

976 904 1117 951 rum
1185 903 1321 949 ora
1364 880 1597 947 extima
1650 881 1719 947 in
1770 901 1982 955 serrae
2041 862 2300 948 modum
2339 880 2588 947 incisa

880 1044 893 1059 ,
986 993 1101 1052 est.
1183 984 1444 1073 copiosi
1487 992 1635 1051 sunt
1675 983 1935 1067 denarii,
1982 1005 2146 1102 quos
2183 983 2554 1050 familiarum

986 1086 1411 1154 Romanarum
1465 1085 1760 1168 dicimus,
1815 1096 1880 1153 et
1933 1088 2061 1176 qui
2090 1096 2295 1155 stante
2348 1086 2555 1153 adhuc

980 1210 1114 1279 rep.
1158 1189 1386 1277 signati
1430 1196 1607 1272 sunt,
1667 1206 1933 1278 quorum
1989 1199 2226 1257 serrata
2283 1199 2381 1258 est
2424 1211 2596 1257 ora.

982 1293 1148 1360 Sunt
1198 1293 1383 1359 etiam
1440 1291 1661 1371 serrati
1720 1292 1908 1363 numi
1962 1313 2097 1366 non
2151 1294 2368 1393 pauci,
2407 1292 2556 1360 sed

854 1384 861 1391 ’
982 1378 1193 1475 aenei,
1266 1393 1715 1461 nonnullorum
1784 1396 2009 1477 Syriae
2071 1417 2306 1483 regum.
2424 1395 2557 1464 Sed

985 1492 1069 1563 de
1108 1496 1236 1562 hoc
1289 1518 1616 1567 numorum
1673 1516 1903 1583 genere
1958 1520 2209 1589 agemus
2267 1521 2354 1566 ex
2395 1514 2553 1589 pro-

985 1599 1239 1687 posito,
1296 1609 1360 1665 et
1415 1599 1666 1688 quidem
1718 1601 1982 1687 copiose
2036 1602 2105 1667 in
2158 1602 2554 1690 prolegome-

976 1703 1086 1785 nis
1130 1701 1214 1769 ad
1256 1722 1481 1771 numos
1520 1690 1892 1770 familiarum
1933 1724 2070 1793 cap.
2088 1704 2278 1773 XVI.

1442 1879 1578 1975 §6.
1663 1877 2094 1987 Numireeusi.

962 2004 971 2019 ‘
1030 2066 1077 2079 .,
1158 2006 1329 2076 Νοιι
1388 2029 1535 2075 raro
1605 2007 1809 2077 numis
1856 2012 2045 2097 jam
2075 2009 2229 2077 olim
2279 2012 2554 2107 signatis

983 2110 1136 2177 novi
1196 2112 1486 2199 utrinque
1560 2113 1701 2200 typi
1774 2135 1900 2202 ope
1965 2113 2217 2181 alterius
2283 2115 2554 2182 matricis

984 2210 1236 2279 fixerunt
1273 2212 1590 2300 impressi,
1654 2219 1832 2298 cujus
1886 2216 2169 2298 generis
2156 2204 2407 2313 numos
2451 2235 2555 2281 so-

991 2311 1191 2379 lemus
1235 2330 1467 2381 vocare
1502 2336 1757 2381 recusos.
1820 2315 2164 2392 Quoniam
2207 2316 2379 2382 numi
2422 2319 2560 2402 jam

992 2416 1224 2502 signati
1264 2415 1623 2504 superficies
1677 2417 1867 2505 plana.
1916 2438 2048 2483 non
2089 2417 2253 2499 fuit,
2293 2416 2409 2483 sed
2452 2439 2559 2483 ex·

994 2517 1303 2584 stantibus
1344 2518 1559 2606 figuris
1602 2539 1855 2606 aspera,
1900 2520 2080 2607 sequi
2122 2541 2383 2586 necesse
2425 2519 2558 2601 fuit,

916 2632 927 2649 ⁸
992 2629 1063 2686 ut
1132 2621 1359 2688 matrix
1381 2669 1399 2703 ,
1490 2642 1631 2687 cum
1701 2621 1769 2687 in
1838 2622 2282 2690 eminentiores
2354 2621 2563 2689 solum

992 2723 1165 2788 numi
1236 2733 1487 2810 partes-
1516 2725 1642 2803 vim
1714 2745 1890 2789 suam
1962 2736 2185 2813 posset
2245 2745 2559 2806 exserere,

924 2883 931 2906 ,ι
996 2810 1363 2891 humiliores
1441 2833 1547 2891 aut
1619 2824 1999 2918 relinqueret
2069 2829 2370 2906 intactas,
2456 2811 2565 2891 ιιιιι

854 2971 875 2979 -
996 2927 1252 2994 nonnisi
1297 2925 1518 2994 leviter
1559 2926 2035 3014 perstringeret,
2095 2936 2167 2993 ut
2221 2926 2387 2994 adeo
2409 2949 2565 2996 sae·

890 3033 899 3052 ⁸
990 3051 1080 3120 pe
1140 3051 1223 3097 ex
1266 3028 1515 3098 ‚relictis
1571 3029 1799 3098 veteris
1850 3031 2000 3119 typi
2028 3030 2342 3117 -Vestigiis
2381 3039 2563 3098 vetus

995 3137 1155 3221 ejus,
1191 3119 1363 3200 numi
1427 3130 1710 3222 conditio
1774 3133 1977 3200 facile·
2008 3133 2218 3222 possit
2273 3132 2561 3203 divinari.

996 3236 1391 3303 Boeotorum
1458 3235 1695 3312 multos
1763 3236 1951 3324 hujus
2026 3246 2287 3305 naturae
2371 3237 2562 3305 habe-

928 3361 939 3376 ·
997 3359 1135 3405 mus
1207 3338 1571 3425 superstites
1584 3385 1603 3418 ,
1688 3326 1955 3426 quorum
2028 3340 2320 3428 exempla
2390 3338 2563 3408 dabi-

998 3461 1136 3506 mus
1206 3440 1294 3507 in'
1343 3438 1570 3504 horum
1642 3452 1928 3524 moneta,
2016 3463 2223 3530 neque
2295 3464 2563 3524 comme-

999 3551 1247 3610 morare
1318 3537 1443 3606 alia
1511 3562 1771 3623 necesse
1800 3535 1809 3544 ’
1838 3553 2027 3631 puto,
2103 3545 2249 3633 quia
2319 3546 2565 3634 singula

940 3702 957 3716 ,
1002 3663 1219 3719 musea
1284 3663 1507 3710 eorum
1583 3643 1791 3731 aliqua
1861 3657 2129 3715 servant.
2244 3645 2378 3713 At
2369 3670 2565 3770 quae

1001 3767 1204 3816 novae
1259 3745 1446 3832 hujus
1492 3733 1837 3814 violentiae
1900 3770 2114 3832 causa,
2187 3771 2360 3817 cum
2365 3754 2565 3820 casui

1002 3837 1172 3916 istud
1213 3868 1346 3915 non
1385 3868 1579 3936 posse
1620 3841 1810 3918 tribui
1848 3849 2035 3917 facile
2078 3852 2417 3941 appareat?
2485 3841 2565 3923 Si

1000 3951 1070 4017 in
1108 3960 1434 4019 externam
1478 3961 1796 4020 monetam
1849 3954 1943 4021 sic
1968 3952 2200 4026 fuisset
2242 3956 2562 4041 saevitum,

1004 4055 1237 4143 conjici
1290 4059 1545 4140 posset,
1601 4049 1880 4123 voluisse
1930 4055 2060 4123 hoc
2093 4059 2312 4154 ‘mo'do
2362 4081 2565 4149 popu·

1002 4156 1106 4226 los
1196 4167 1519 4226 ‘monetam
1610 4160 2000 4252 peregrinam
2094 4161 2162 4228 in
2245 4163 2566 4252 propriam

1003 4281 1178 4328 suam
1235 4282 1312 4329 ao
1365 4260 1771 4328 domesticam
1837 4272 2225 4335 convertere.
2329 4266 2569 4333 Verum

1001 4351 1304 4431 habemus
1371 4362 1659 4452 exempla
1673 4412 1691 4446 ,
1759 4386 1963 4454 neque
2022 4367 2320 4455 propriae
2379 4389 2567 4458 pecu·

1002 4465 1144 4531 niae
1184 4464 1379 4533 fuisse
1412 4465 1739 4557 parcitum.
1775 4531 1785 4538 ,
1814 4468 1935 4536 Est
1973 4468 2041 4534 in
2083 4491 2301 4536 museo
2334 4471 2568 4538 Caesa·

1004 4584 1117 4633 reo
1169 4580 1392 4638 numus
1448 4590 1705 4639 recusus
1755 4569 2085 4641 Massiliae
2129 4572 2541 4659 Galliae,cu
2458 4595 2565 4652 cu,-

2062 4801 2071 4810 .

2176 4813 2183 4824 ι
2309 4797 2346 4836 Q

2230 4845 2239 4854 .

2581 1700 2740 1787 'has
2794 1700 3053 1786 injurias
3105 1712 3358 1771 ventum
3431 1713 3568 1786 est,

2571 1876 2588 1883 ,
2625 1824 2789 1891 opus
2844 1802 2993 1887 fuit,
3065 1814 3132 1872 et
3180 1806 3504 1872 intererat,
3542 1825 3677 1873 non
3731 1804 3968 1875 differri
4018 1824 4201 1895 prae·

1812 512 2624 603 „PROLEGOMERA
2688 485 3269 591 ‹zm-mm

2585 674 2713 760 jus
2784 684 2866 741 et
2901 685 3079 743 vetus
3151 687 3215 743 et
3275 696 3481 745 novus
3543 686 3740 766 typus
3791 664 4193 743 Massiliensi

2615 785 2910 845 monetae
2948 778 3249 866 proprius
3303 788 3417 847 est.
3501 779 3607 860 An
3650 776 3854 848 novus
3897 779 3991 845 sic
4019 779 4192 869 abo-

2617 878 2736 953 lito
2819 889 3035 951 vetere
3120 879 3324 947 numis
3414 882 3728 969 quaesitus
3777 880 4022 948 valor?
4105 903 4194 951 an

2623 979 2835 1048 aliud?
2953 982 3234 1065 Tametsi
3299 984 3370 1050 in
3442 984 3766 1052 nonnullis
3834 982 4196 1051 evidentem

2622 1060 3688 1173 ejusfacti'causamtenemusss
3777 1085 4302 1176 Jamcapite'

2591 1185 3038 1275 praecedente
3093 1187 3316 1258 obiter
3391 1190 3563 1272 dixi,
3649 1166 4059 1277 Regaliammr
4128 1198 4198 1256 et

2624 1287 3047 1372 Dryantillam
3135 1290 3219 1359 ad
3306 1292 3651 1382 signandos
3736 1313 3964 1360 numos
4039 1313 4199 1358 suos

2620 1391 3130 1480 praecedentium
3195 1396 3640 1482 imperatorum
3708 1394 3988 1464 denariis
4043 1386 4198 1462 fm‘s·

2622 1513 2696 1561 se
2735 1513 2930 1561 usos.
2994 1495 3160 1562 Vide
3214 1519 3329 1563 eos
3391 1496 3688 1567 adcurate
3729 1497 4084 1586 descriptos
4127 1498 4202 1564 in
4223 1546 4240 1557 .

2622 1595 2852 1664 horum
2901 1608 3313 1681 tyrannorum
3365 1582 3639 1667 moneta.
3749 1600 4084 1687 Nimnunr
4113 1598 4204 1667 ad

3646 1724 3787 1770 cum
3828 1712 4202 1793 properato

2625 1906 2878 1973 eonium
2932 1909 3210 1995 supremi
3254 1909 3671 1997 principatus,
3727 1929 3936 1998 neque
3988 1908 4206 1985 statim
4265 1968 4272 1973 ι

2626 2006 2708 2099 ad
2779 2030 3028 2077 manum
3099 2010 3216 2078 fuit
3295 2009 3614 2078 metallum
3699 2009 3782 2077 ad
3867 2010 4203 2087 feriandus

2624 2133 2851 2196 numos
2915 2122 3146 2199 aptum.
3259 2113 3429 2181 Vide
3482 2114 3638 2180 alias
3688 2134 3907 2181 causas
3959 2114 4201 2181 exerci-

2625 2219 2727 2275 tae
2780 2211 3000 2275 similis
3053 2211 3120 2275 in
3173 2231 3398 2276 numos
3456 2215 3701 2277 alienos
3743 2214 4086 2281 violentiae
4127 2215 4202 2283 in

2625 2320 2884 2379 moneta
2934 2310 3250 2379 Hebraica
3304 2313 3622 2380 Simeonis
3687 2304 3965 2382 Judaeae
4025 2317 4230 2411 prin--

2629 2415 2812 2506 cipis.
2833 2476 2862 2489 ,
2891 2414 3184 2483 Ceterum
3237 2415 3306 2481 in
3363 2426 3624 2490 moneta·
3662 2436 3850 2485 amea
3890 2420 4060 2487 numi
4101 2420 4203 2487 sic

2628 2518 2834 2624 reensi
2874 2517 3114 2586 nullum
3158 2518 3458 2587 habemus
3502 2516 3881 2610 exemplum.

2701 2692 2720 2727 ³
2959 2692 3096 2770 §-7.
3181 2692 3372 2761 Numi
3407 2698 3598 2760 incensi
3632 2705 3865 2779 temp.

2727 2837 2754 2848 ³
2791 2822 3032 2902 vanno
3075 2822 3263 2887 altius
3305 2826 3593 2891 dedimus
3647 2847 3875 2894 numos
3917 2829 4202 2912 incuses,

2633 2941 2777 3003 seu,
2829 2922 2939 3009 qui
2990 2923 3276 2992 eundem.
3310 2935 3534 3014 typum
3583 2928 3653 2992 in
3703 2939 4044 3017 una‘parte
4084 2951 4204 2999 ex-

2631 3032 2928 3112 stantem,
3015 3026 3081 3091 in
3168 3028 3364 3096 altera
3440 3051 3785 3100 concavum
3871 3032 4200 3117 exhibent,

2628 3128 2746 3196 sed
2788 3150 2903 3197 eos
2947 3128 3218 3197 diximus
3262 3133 3355 3198 sic
3395 3131 3591 3204 fuisse
3631 3132 3954 3203 formatos
3979 3157 4065 3203 ex
4103 3137 4201 3205 in·
4267 3153 4274 3160 ·

2629 3234 2910 3300 stituto..
2958 3234 3155 3314 Quos
3212 3234 3341 3301 hoc
3394 3235 3545 3303 loco
3601 3239 4014 3327 proponimus
4030 3287 4050 3322 ‚
4099 3240 4201 3308 in·

2631 3336 2764 3402 cusi
2820 3345 2966 3402 sunt
3017 3338 3252 3425 pariter
3265 3387 3286 3421 ,
3337 3339 3457 3408 sed
3500 3363 3662 3430 quae
3701 3341 4023 3431 peristasis
4062 3362 4203 3411 ιιοιι

2630 3437 2965 3526 instituto,
3010 3438 3126 3506 sed
3180 3442 3385 3525 casui,
3441 3452 3509 3511 et
3559 3446 4052 3514 monetariorum
4091 3466 4201 3513 ne·
4257 3527 4268 3534 ,

2627 3539 2965 3628 gligentiae
3028 3540 3322 3628 debetur,
3414 3546 3522 3634 qui
3587 3549 3958 3635 signandum
4025 3549 4208 3616 numi

2629 3643 2984 3712 orbiculum
3045 3654 3236 3714 n'umo
3291 3652 3429 3734 jam
3505 3649 3786 3738 signato,
3874 3653 3985 3742 qui
4067 3662 4201 3720 tum

2630 3747 3006 3817 auferendus
3104 3749 3318 3839 utique
3412 3752 3651 3838 fuerat,
3745 3759 4198 3847 imposuerunt,

2629 3851 2990 3942 malleoque
3055 3864 3400 3942 coeperunt
3462 3879 3775 3927 exercere.
3840 3924 3852 3934 ,
3893 3855 4042 3952 Qu
4105 3858 4200 3925 fa·

2629 3965 2797 4023 ctum
2811 4004 2830 4038 ,
2916 3964 2987 4023 ut
3036 3954 3203 4022 idem
3269 3959 3564 4049 utrinque·
3585 3972 3959 4051 ,emergeret
4005 3971 4198 4051 typus

2630 4058 2920 4147 superior
2991 4080 3312 4142 convexus
3387 4073 3452 4130 et
3522 4065 3808 4150 exstans,
3825 4099 3840 4112 =
3867 4059 4215 4133 *efficiente
4321 4075 4330 4090 ’

2630 4160 2805 4229 istud
2874 4162 3132 4231 matrice
3201 4145 3600 4253 superiore,
3640 4168 3907 4237 inferior
3969 4189 4201 4236 conca-

2633 4283 2783 4347 vus,
2837 4279 3027 4332 causa
3075 4268 3248 4334 numi
3305 4263 3598 4356 subjecti,
3655 4275 3765 4361 qui
3803 4276 3938 4359 jam
3990 4272 4203 4342 maui-

2635 4359 2726 4435 cis
2769 4386 3024 4436 munere
3064 4367 3458 4476 fungebatur.
3541 4373 3771 4464 Neque
3814 4374 4042 4450 desunt
4080 4395 4200 4443 no·

2634 4480 2780 4542 stra
2815 4480 3014 4538 aetate
3069 4473 3289 4541 similis
3342 4467 3708 4546 oscitanam
3773 4475 4066 4567 exempla
4125 4479 4202 4545 in

2630 4595 2702 4644 re
2776 4575 3121 4646 monetaria
3155 4571 3266 4645 ab
3333 4577 3556 4648 iisdem
3621 4581 3826 4650 causis
3890 4579 4200 4671 profesta,
