4500 5650
1555 490 2087 562 capv'r⁴
2174 440 2341 563 xn.

296 634 508 721 'istud
591 646 807 718 cavum
889 654 1368 721 mansuetiorem
1450 656 1701 749 accepit
1787 654 1915 719 for·

645 756 844 822 in'star
898 757 1214 845 quadrati
1315 758 1516 823 minus
1604 756 1916 847 profunde
1983 775 2231 823 numus
2293 757 2629 846 patientior
2715 758 2798 824 ad
2895 750 3307 849 excipiendos
3395 763 3554 839 ictus

337 778 542 837 mam,

3387 506 3564 599 &lxv
3599 503 3610 511 ’

1983 651 2099 719 illo
2168 652 2473 742 quadrato
2493 704 2513 737 ‚
2602 656 2735 722 sive
2798 657 3060 724 cavitate
3133 657 3359 727 factum
3380 711 3398 743 ,
3487 674 3558 729 ut

338 856 754 939 dehiscentiS‚
845 868 1031 947 atque
1097 858 1264 925 istud
1319 864 1453 945 ,iam
1520 858 1801 925 divisum
1848 861 1915 924 in
1984 854 2182 937 esset,
2238 859 2330 923 sic
2373 857 2540 925 idem
2583 859 3013 959 obtinebatur,
3075 864 3130 928 si
3173 865 3237 931 in
3281 867 3554 933 matricis

270 1013 283 1020 -
337 960 559 1049 plures
616 970 859 1050 parteS,
937 965 1073 1045 jam
1138 961 1309 1028 velut
1371 960 1697 1050 explicatis
1767 985 1913 1051 qua-

338 1060 485 1128 tuor
538 1060 683 1144 alis3
759 1060 1111 1150 paullatim
1134 1063 1345 1154 aliqua
1401 1066 1537 1152 typi
1601 1065 1779 1133 initia
1820 1067 1911 1131 in·

334 1163 541 1252 sculpi
605 1174 835 1252 coepta
857 1214 876 1245 ‚
962 1178 1250 1233 manente
1306 1177 1520 1234 tamen
1582 1167 1908 1255 quadram,

334 1265 541 1334 donec
605 1268 855 1336 tandem
921 1267 1148 1334 serrum
1213 1269 1372 1335 illud
1449 1271 1750 1337 hactenus
1812 1292 1906 1335 re·

332 1368 667 1438 tinendae.
723 1381 961 1437 tantum
1062 1393 1305 1438 massae
1404 1376 1676 1439 serviens
1762 1396 1910 1441 vera

331 1471 628 1539 evaderet
700 1473 926 1538 matrix
1012 1484 1270 1562 propter
1342 1472 1693 1565 insculptos
1781 1475 1906 1542 alte

332 1584 526 1691 typos
602 1572 871 1640 eundem
955 1596 1133 1642 usum
1218 1581 1605 1666 praestitura.
1726 1578 1905 1644 Haec

329 1670 540 1759 initia,
628 1699 705 1743 ac
774 1674 1006 1742 deinde
1070 1701 1472 1766 progressum
1552 1704 1635 1748 ex
1701 1682 1902 1754 numia

329 1780 492 1866 ipsis
536 1789 777 1867 captum
821 1779 1140 1867 praeclare
1197 1783 1283 1850 ob
1341 1783 1564 1850 oculos
1610 1784 1770 1849 sistit
1812 1794 1901 1853 ta·

216 1937 227 1944 .
331 1881 485 1949 bula
562 1882 1082 1966 Berthelemyano
1157 1882 1304 1951 huic
1388 1886 1708 1952 tentamini
1795 1885 1900 1951 ad·

322 1988 509 2068 jecta.
803 1984 807 1988 ’
1292 1976 1301 1985 ”

494 2202 505 2208 -
542 2159 573 2234 §
620 2161 678 2223 3.
763 2160 983 2221 Hiatus
1025 2138 1329 2241 itancevztro
1369 2175 1691 2222 numm-um.

500 2287 799 2375 lntelligo
851 2289 980 2356 hoc
1032 2290 1299 2355 nomine¹
1356 2299 1542 2380 tenue
1597 2289 1899 2370 foramen,

333 2399 435 2458 aut
475 2391 898 2459 scrobiculum
950 2391 1286 2461 rotundum
1336 2392 1404 2459 in
1456 2402 1673 2460 centro
1732 2392 1901 2459 numi

328 2495 666 2562 introrsum
752 2494 933 2565 hians
956 2542 976 2575 ,
1066 2495 1196 2561 sive
1267 2496 1334 2560 in
1408 2506 1664 2583 utraque
1729 2495 1900 2560 numi

260 2647 285 2655 -
316 2606 542 2687 -p‘arte,
629 2599 764 2664 sive
831 2597 899 2663 in
968 2618 1092 2662 una
1170 2588 1424 2677 tantum.
1526 2597 1665 2665 Jam
1736 2597 1901 2663 illud

332 2709 664 2818 comparet
689 2701 755 2766 in
800 2700 1119 2815 plerisque
1147 2694 1649 2766 Ptolemaeorum
1692 2701 1896 2766 numis

218 2790 225 2799 ’
327 2803 460 2872 sive
498 2803 787 2883 maximi,
850 2803 987 2868 sive
1027 2800 1261 2866 minimi
1311 2801 1588 2874 moduli,
1655 2813 1719 2864 ot
1764 2802 1896 2886 qui-

278 2949 285 2954 ·
326 2905 472 2973 dem
521 2905 593 2986 in
651 2904 755 2969 hia
809 2911 1169 2969 constanter
1236 2901 1573 2990 utrinque,
1628 2899 1895 2967 nonnul-

321 3007 538 3073 lorum
588 3007 739 3074 item
788 3005 1009 3087 Syriae
1060 3025 1275 3091 regum
1291 3053 1307 3083 ‚
1380 3005 1713 3121 praecipue
1765 3003 1893 3068 An-

326 3108 532 3176 tiochi
571 3107 685 3172 VI.
740 3113 803 3171 et
851 3105 1244 3205 Tryphonis,
1309 3108 1376 3172 in
1438 3107 1641 3173 numis
1699 3106 1893 3173 varia-

321 3233 465 3280 rum
530 3208 757 3292 Syriae
821 3219 891 3276 et
938 3195 1316 3278 Phoeniciae
1378 3196 1623 3290 urbium
1642 3257 1663 3293 ,
1746 3209 1894 3296 quin

216 3299 261 3337 h‘
326 3325 391 3381 et
445 3307 641 3380 Asiae
708 3314 1001 3396 minoris,
1089 3323 1153 3379 et
1213 3313 1542 3401 Europae,
1634 3321 1697 3382 et
1761 3311 1893 3402 qui-

328 3415 471 3483 dem
567 3416 754 3482 etiam
868 3415 1285 3503 imperatoriis
1407 3415 1650 3483 urbium
1680 3464 1698 3497 ,
1831 3425 1893 3479 et

325 3520 769 3607 imperatorum
833 3518 1039 3610 adhuc
1124 3540 1280 3585 aevo
1349 3518 1703 3586 inclinante.
1788 3517 1889 3582 Eo

330 3623 497 3687 numi
580 3624 923 3689 commatis·
982 3621 1252 3687 Romani
1304 3615 1323 3624 ⁹
1349 3631 1709 3688 constanter
1794 3641 1891 3684 ca-

333 3731 493 3790 rent.
560 3723 1085 3794 ,obseruandum
1186 3733 1520 3811 ,praeterea
1540 3773 1561 3807 ,
1687 3721 1891 3789 hiatus

332 3824 462 3891 hos
549 3826 822 3893 nondum
892 3827 1206 3894 hactenus
1305 3824 1731 3914 deprehensos
1825 3825 1892 3889 in

329 3928 541 3995 numis
625 3931 847 4030 aureis
906 3940 970 3996 et
1055 3929 1364 4015 argenteis
1378 3977 1396 4011 ,
1478 3927 1593 3996 sed
1652 3935 1892 3994 tantum

240 4107 255 4122 .
324 4032 558 4100 aeneis.

472 4133 1005 4217 Bartbelemyus,
1082 4156 1220 4201 cum
1262 4134 1327 4200 in
1371 4101 1623 4200 laudata
1666 4132 1925 4200 disser-

322 4238 565 4312 tatione
605 4239 673 4304 in
731 4258 980 4304 causam
1040 4235 1325 4325 quadrati
1366 4236 1576 4308 incusi
1618 4236 1889 4323 inquisi-

316 4339 548 4422 visset,
622 4341 808 4406 simul
869 4339 951 4407 ad
1004 4338 1207 4430 hiatus
1249 4337 1407 4404 istos
1455 4336 1721 4406 advertit
1763 4330 1888 4416 ani-

316 4462 523 4522 mum,
603 4454 944 4529 eorumque
1015 4463 1192 4508 usum
1260 4441 1340 4507 ab
1418 4440 1641 4520 eadem,
1706 4463 1893 4508 causa

316 4544 569 4630 repetit.
654 4545 965 4612 Nimirum
1018 4538 1539 4638 quemadmodum
1582 4543 1887 4640 impresso

397 4663 543 4730 (Vol.
595 4667 664 4730 ι.)
844 4664 855 4668 ’

1914 2050 1921 2061 ,
1970 2004 2169 2070 aeque
2239 1977 2536 2051 satisfacit
2607 1987 2701 2050 vir
2787 1987 3184 2057 clarissimus.

1983 969 2200 1024 centro
2245 981 2391 1047 pars
2434 961 2665 1029 metalli
2720 986 2963 1029 sursum
3007 976 3259 1032 exstans
3304 967 3418 1061 fuit
3458 992 3554 1041 re-

1980 1060 2146 1145 licta,
2193 1072 2362 1128 certe
2405 1064 2484 1131 ab
2532 1077 2894 1150 argumento
2940 1067 3169 1151 aliena,
3226 1069 3340 1135 sed
3392 1080 3553 1157 quae

1978 1163 2189 1247 mallei
2241 1165 2368 1231 ictu
2434 1166 2501 1230 in
2569 1167 2739 1233 numi
2801 1162 3147 1233 orbiculum
3211 1171 3583 1240 introrsum-

1977 1264 2198 1333 adacta
2250 1289 2391 1332 eum
2435 1267 2671 1334 firmius
2727 1268 3065 1347 adhaerere
3108 1271 3331 1358 coegit.
3421 1275 3548 1340 Ne-

1977 1389 2082 1432 mo
2129 1369 2276 1451 erit,
2329 1371 2436 1457 qui
2481 1371 2786 1437 dubitare
2809 1373 3040 1459 possit,
3099 1392 3346 1441 causam
3385 1377 3550 1447 hanc
3595 1390 3604 1393 *

1974 1493 2012 1535 a
2053 1472 2190 1536 viro
2237 1494 2478 1545 summo
2533 1474 2860 1560 ingeniose
2918 1498 2993 1540 ac
3048 1478 3290 1553 naviter
3347 1479 3547 1566 expli-

1974 1582 2188 1639 catam.
2278 1572 2367 1640 At
2417 1595 2603 1643 nemo
2650 1578 2833 1642 etiam
2875 1578 3023 1658 erit,
3072 1579 3178 1665 qui
3221 1562 3355 1647 non
3398 1603 3546 1647 con—
3589 1664 3592 1669 Ι

1971 1676 2150 1743 tinuo
2187 1687 2463 1764 quaerat,
2511 1700 2622 1745 cur
2653 1676 2885 1747 'eadem
2932 1681 3140 1749 cautio
3185 1701 3314 1746 non
3361 1674 3548 1749 etiam
3631 1734 3650 1743 ,

1971 1778 2053 1845 ad
2121 1800 2345 1846 numos
2415 1800 2637 1847 aureos
2721 1788 3177 1872 argenteosque
3262 1784 3543 1867 valuerit,

1971 1880 2085 1947 sed
2137 1883 2203 1947 in
2262 1888 2435 1968 cujus
2493 1880 2924 1966 enucleatione
2983 1880 3368 1973 quaestionis
3412 1908 3545 1955 non

3297 1987 3539 2068 Plures,

1968 2085 2203 2173 inquit,
2283 2085 2516 2172 figendi
2584 2073 2852 2155 orbiculi
2928 2088 3157 2158 modos
3224 2099 3355 2157 tum
3405 2094 3541 2173 jam

1969 2186 2162 2250 fuisse
2229 2190 2550 2271 cognitoS,
2630 2197 2815 2276 atque
2881 2189 3051 2254 haud
3115 2190 3303 2257 dubie
3361 2190 3535 2272 illos,

1970 2284 2074 2373 qui
2149 2286 2557 2373 perfectiores
2627 2288 2800 2354 fuere
2823 2337 2842 2370 ,
2933 2291 3253 2379 magisque
3317 2303 3539 2380 paratu

1970 2387 2257 2454 difficiles
2281 2438 2300 2471 ,
2418 2411 2581 2456 auro
2671 2400 3118 2481 argentoque
3166 2393 3539 2482 applicatos.

1967 2490 2383 2558 Verisimilius
2446 2515 2692 2561 causam
2746 2516 2782 2560 a
2836 2496 3007 2562 varia
3060 2468 3296 2564 metalli
3366 2509 3538 2566 natu·

1963 2616 2035 2660 ra
2087 2593 2418 2681 petendam
2471 2618 2722 2663 censeo.
2819 2598 3073 2690 Certum
3128 2610 3256 2680 est,
3324 2622 3569 2667 aurum-

1967 2708 2029 2762 et
2095 2707 2414 2783 argentum
2479 2698 2676 2771 multo
2747 2721 2887 2764 esse
2954 2699 3238 2784 mollius,
3308 2703 3536 2770 minus·

1966 2821 2088 2882 quo
2127 2799 2291 2862 adeo
2348 2800 2640 2868 resistere
2698 2798 2956 2882 malleo,
3025 2826 3210 2889 quam
3260 2822 3536 2895 cuprum,

1965 2919 2038 2962 ac
2090 2898 2458 2984 praecipue
2494 2909 2800 2983 veterum,
2873 2902 3044 2998 quod
3095 2926 3240 2972 raro
3295 2929 3332 2972 a
3392 2930 3534 2997 par-

1961 2999 2164 3065 ticulis
2224 2999 2667 3088 heterogeneis
2729 3024 2950 3090 purum
3003 3003 3133 3072 fuit.
3246 3009 3349 3074 Ex
3404 3032 3531 3098 quo
3635 3033 3642 3038 “

1963 3101 2240 3191 sequitur
2260 3152 2281 3185 ‚
2391 3103 2536 3192 plus
2623 3107 2929 3171 cautionis
3015 3129 3090 3172 ac
3175 3108 3533 3196 diligentiae

1962 3203 2385 3282 adhibendum
2471 3205 2664 3276 fuisse
2745 3206 2828 3272 ad
2899 3207 3222 3278 feriundos
3304 3233 3529 3286 numos

1963 3329 2192 3374 aeneos
2206 3357 2223 3391 ,
2287 3328 2470 3397 quam
2513 3308 2764 3376 alterius
2807 3310 3104 3378 metalli.

2208 3484 2348 3572 §43
2433 3484 3286 3562 Numzincusiexmstmaeo

2129 3616 2238 3681 Sic
2282 3616 2538 3711 appello
2595 3589 2849 3700 numos,
2909 3639 3172 3707 quorum
3215 3642 3340 3688 una
3379 3641 3526 3710 pars

1959 3737 2246 3785 convexa
2292 3730 2421 3801 est,
2488 3720 2683 3788 altera
2741 3737 3082 3788 concava.
3121 3725 3396 3802 Addidi.
3452 3750 3526 3795 ex

1958 3826 2251 3903 institiae,
2328 3824 2472 3911 quia
2514 3834 2657 3890 sunt
2700 3824 2804 3889 alii
2846 3824 3078 3907 incusi,
3153 3826 3268 3894 sed
3310 3849 3522 3894 mone·
3556 3849 3572 3856 ·

1957 3925 2256 3992 tariorum
2299 3925 2489 4009 vitio,
2547 3926 2626 3992 de
2682 3925 2914 4015 quibus*
2960 3927 3135 3994 infra.
3219 3929 3327 3996 Illi
3360 3931 3525 3998 inter

1959 4025 2424 4114 antiquissimos
2512 4038 2657 4100 sunt
2725 4028 3076 4112 referendi,
3165 4041 3231 4100 et
3298 4034 3523 4122 ‘signati

1957 4141 2192 4198 tantum
2272 4131 2363 4196 sic
2447 4130 2620 4216 fuere
2705 4133 2770 4197 in
2855 4133 3176 4200 nonnullis
3218 4150 3238 4162 ⁸
3265 4157 3522 4223 magnae

1960 4236 2259 4301 Graeciae
2301 4234 2578 4312 urbibus.
2665 4231 2844 4303 Haec
2896 4237 3211 4306 indicasse
3261 4237 3388 4306 hoc
3423 4238 3519 4303 lo-

1960 4360 2037 4403 co
2083 4340 2233 4405 satis
2288 4348 2456 4420 esto,
2526 4359 2670 4405 nam
2720 4337 2944 4405 horum
2997 4361 3258 4407 examen
3299 4359 3521 4432 numo·

1956 4462 2092 4507 rum
2149 4439 2433 4509 dabimus
2485 4443 2550 4508 in
2614 4441 3078 4565 prolegomenis
3151 4441 3234 4510 ad
3295 4463 3522 4524 numos

1936 4587 1943 4598 ·
1958 4542 2285 4610 Lucaniae.

3104 4627 3128 4691 i
