4500 5650
989 527 1169 580 CXVI

940 670 1150 737 bere
1190 668 1552 757 hospitium.
1610 666 1687 734 In
1728 669 2059 755 argenteis
2080 668 2250 735 fraus
2293 666 2561 753 vulgata,

996 781 1067 838 ut
1119 769 1459 841 diximus.
1548 771 1693 850 Quo
1753 779 2038 859 tempore
2089 780 2384 836 monetae
2423 770 2562 835 Ro-

997 868 1220 940 manae
1273 881 1591 959 argentum
1645 882 1751 939 aut
1801 875 2057 961 egregie
2103 873 2375 961 probum
2428 870 2580 951 fuit,

1000 985 1106 1043 aut
1190 972 1437 1039 modice
1523 974 1955 1064 depravatum,
2041 975 2101 1040 ei
2188 999 2225 1041 a
2293 974 2566 1041 falsariis

1000 1084 1263 1145 structas
1310 1075 1572 1143 insidias
1632 1079 1855 1163 mirum
1911 1098 2042 1142 non
2100 1087 2227 1159 est,
2287 1078 2433 1164 quia
2473 1078 2569 1141 in·

999 1186 1169 1243 serto
1224 1177 1383 1243 clam
1438 1200 1582 1245 aere
1627 1183 1904 1262 justum
1922 1180 2131 1266 potuit
2181 1180 2424 1267 sperari
2474 1177 2566 1242 lu·

1001 1300 1189 1344 crum.
1256 1281 1346 1344 At
1372 1280 1541 1344 istud
1574 1280 1865 1367 profecto
1899 1283 2141 1362 mirum,
2181 1281 2352 1347 idem
2382 1282 2568 1367 etiam

1001 1382 1217 1446 vitium
1275 1379 1557 1447 oblatum
1618 1384 1821 1449 numis
1887 1383 2262 1450 declinantis
2325 1382 2573 1470 imperii

1002 1492 1129 1548 tam
1189 1481 1353 1547 male
1404 1487 1744 1570 argenteis,
1809 1496 1879 1552 ut
1943 1488 2009 1550 in
2061 1489 2141 1554 iis
2199 1489 2305 1553 vix
2341 1483 2571 1572 ‘aliqua

959 1605 1153 1681 ,pars
1210 1583 1447 1651 nobilis
1502 1587 1737 1655 metalli
1788 1590 2039 1654 inesset.
2153 1586 2348 1679 Quod
2404 1588 2570 1655 enim
2597 1578 2870 1678 Lferiore
2894 1644 2902 1657 l
2928 1610 3086 1655 aevo
3152 1609 3375 1653 aureos
3444 1605 3577 1650 non
3638 1605 3743 1666 ea,
3834 1604 3957 1671 qua
4028 1583 4216 1667 olim3

970 1687 1085 1767 ,iis
1129 1688 1604 1775 corrumpendis
1645 1688 1948 1757 molestae
1992 1712 2223 1778 operae
2266 1689 2572 1778 pretium?

1004 1789 1205 1891 ⁴‚Atqui
1247 1790 1319 1856 et‘
1352 1790 1446 1855 sic
1502 1790 1870 1857 subaeratos
1918 1793 2193 1860 Gallieni
2246 1803 2310 1858 et
2353 1792 2575 1860 Postu·

1008 1893 1095 1957 mi
1126 1901 1468 1979 *argenteos
1512 1903 1772 1960 testatur
1812 1893 2147 1960 Bimardus
2168 1903 2257 1971 ¹¹),
2345 1893 2433 1958 At
2483 1895 2576 1958 in-

906 2008 931 2021 ·
1009 1993 1566 2061 credibiletvideri
1616 2003 1867 2083 posset,
1940 1998 2125 2062 etiam
2188 1997 2257 2061 in
2325 2004 2577 2061 moneta

1009 2118 1204 2163 aenea
1251 2099 1589 2187 exercitam
1644 2098 1808 2163 hanc
1860 2096 2140 2165 fraudem
2156 2084 2205 2180 ‚'
2264 2099 2387 2164 nisi
2440 2118 2577 2163 eam

1010 2207 1379 2264 testarentur
1454 2199 1774 2287 exempla,
1860 2221 2001 2266 rara
2085 2200 2406 2287 quidem„
2464 2197 2579 2264 sed

1013 2308 1183 2366 certa
1222 2309 1432 2366 tamen
1474 2323 1810 2366 aeneorum
1853 2301 2378 2390 pelliculatorum‚
2425 2321 2579 2388 quo-

1013 2422 1151 2469 rum
1195 2400 1405 2488 aliqua
1447 2404 1747 2469 continuo
1791 2402 2100 2469 dabimus.

1014 2505 1021 2513 “
1186 2502 1416 2570 Anima
1452 2504 1523 2570 in
1565 2503 1943 2599 pelliculatis
1983 2504 2083 2570 his
2128 2506 2332 2571 numis
2375 2523 2457 2569 ex
2476 2524 2581 2568 va·

1016 2605 1114 2671 rio
1157 2615 1257 2671 est
1296 2605 1584 2701 metallo,
1640 2626 1922 2693 semper,
1968 2616 2035 2672 ut
2074 2629 2263 2701 causa
2303 2604 2584 2694 postula-

1018 2698 1154 2791 bat,
1210 2694 1627 2795 ignobiliore,
1696 2729 1879 2796 quam
1933 2728 2029 2795 ex
2068 2694 2193 2795 quo
2253 2719 2358 2775 est
2402 2707 2582 2798 pelli-

784 2871 791 2880 .
893 2820 896 2823 ’
950 2822 955 2828 “
1021 2809 1178 2880 cula.
1262 2812 1363 2877 Ea
1417 2833 1500 2877 ex
1556 2833 1697 2878 aere
1753 2811 1992 2898 Cyprio
2044 2810 2411 2899 plerumque
2465 2819 2581 2890 est,

934 2910 967 2986 ‚⁸
1006 2911 1189 2983 'unde
1239 2913 1340 2979 his
1392 2917 1595 2980 nuruis
1655 2914 1920 2980 inditum
1973 2915 2420 2982 subaeratorum
2470 2935 2584 2978 no-

1017 3013 1181 3083 men.
1251 3016 1580 3104 Singulare
1611 3027 1725 3099 est,
1772 3015 1946 3105 quod
1989 3026 2248 3084 testatur
2271 3015 2617 3082 Naaman--

1020 3140 1138 3187 nus
1159 3127 1245 3201 ⁸),
1295 3117 1497 3188 visum
1551 3118 1673 3185 sibi
1719 3140 1971 3188 aureum
2018 3119 2327 3186 Hadriani
2371 3117 2585 3185 subar-

1020 3215 1355 3339 gentatum,
1388 3229 1513 3288 'seu
1536 3242 1673 3286 cum
1704 3222 1908 3286 anima
1937 3231 2248 3307 argentea,
2296 3222 2585 3288 similem-

956 3332 971 3344 ·
1026 3343 1148 3414 que
1201 3324 1399 3389 serius
1453 3321 1630 3388 dedit
1670 3323 1973 3388 Taninius
1994 3330 2070 3398 Ρ).
2158 3323 2232 3388 In
2273 3324 2594 3410 argenteis

1026 3423 1407 3511 compertam
1463 3424 1646 3489 etiam
1696 3423 1964 3490 animam
2015 3422 2308 3506 ferream,
2363 3447 2590 3513 nempe

1027 3546 1214 3613 quam
1272 3545 1545 3612 magnes
1634 3507 1970 3593 attraxerat
1991 3574 2010 3608 ‚
2099 3538 2308 3594 narrat
2391 3527 2588 3596 Froe-

1027 3626 1254 3694 lichius
1274 3637 1349 3707 ³).
1479 3628 1837 3695 Aeneorum
1913 3630 2118 3695 anima
2189 3639 2297 3696 ant
2360 3629 2588 3698 ferrum

1024 3741 1140 3813 est,
1185 3741 1289 3832 aut
1329 3730 1672 3819 plumbum.
1756 3733 1877 3822 Est
1914 3752 1982 3796 ιιι
2024 3751 2239 3808 museo
2274 3733 2584 3800 Caesareo

1890 500 2637 581 PROLEGOMENA
2704 424 3292 577 GENERALIA.

2629 668 2837 735 anima
2876 620 3176 763 plumbea
3211 688 3297 739 ex
3337 664 3624 732 Schulzii
3666 638 4024 731 testimonio
4070 685 4213 731 me·

2629 779 2831 837 morat
2872 769 3323 837 Neumannus‘
3330 778 3378 846 ).
3463 822 3468 831 .

2808 870 3127 939 Creditum
3147 871 3483 960 plerisque
3496 918 3514 953 ,
3570 876 3640 934 ut
3694 866 3852 933 dolo
3895 866 4064 939 huic,
4085 867 4224 935 ob-

2631 977 2796 1047 viam
2850 977 3098 1055 iretur‚'
3164 983 3368 1039 stante
3430 993 3563 1059 rep.
3620 976 3906 1057 repertos
3937 1000 3940 1005 ⁴
3974 991 4212 1036 numos
4251 1022 4268 1035 ,

2636 1088 2930 1145 serratos.
3019 1075 3151 1141 Sed
3194 1072 3368 1161 quod
3409 1072 3612 1137 minus
3657 1071 3814 1139 mihi
3851 1070 4055 1137 videri
4096 1094 4212 1138 ve·
4309 1116 4320 1125 -

2637 1179 2922 1261 risimile‚
2976 1177 3286 1266 probabo
3321 1179 3391 1241 in
3435 1173 3914 1259 Prolegomenis
3968 1173 4050 1257 ad
4092 1196 4216 1240 rru-

2637 1304 2779 1348 mos
2818 1271 3217 1367 Familiarum
3261 1279 3463 1368 capite
3526 1277 3705 1343 XVI.
3750 1276 3932 1343 Istud
3972 1285 4220 1342 eertlun

2639 1405 2843 1471 neque
2895 1383 3042 1448 huic
3096 1383 3314 1469 generi
3364 1381 3445 1448 ab
3463 1379 3955 1475 ·‚i1npostoribus
4006 1380 4218 1479 parci-

2635 1496 2783 1552 tum.
2857 1484 3208 1551 Creditum
3258 1485 3476 1567 etiam,
3532 1504 3737 1569 neque
3792 1483 4058 1568 injuria,
4111 1482 4217 1547 in·

2640 1689 2949 1771 crassitie,
2996 1688 3114 1756 sed
3153 1689 3353 1755 multo
3396 1687 3715 1754 tenuiores
3739 1684 3953 1751 'fixisse
3997 1708 4220 1769 cusoS,

2641 1802 2710 1857 ut
2748 1780 2855 1872 iis,
2902 1792 3012 1874 qui
3052 1791 3451 1857 substernere
3495 1786 3679 1854 vilius
3722 1786 4038 1854 metallum
4079 1788 4219 1854 vel·

2641 1893 2804 1973 lent,
2863 1893 3049 1958 labor
3105 1901 3273 1957 esset
3327 1888 3677 1972 difficilior,
3735 1910 4104 1977 quamquam
4145 1900 4220 1955 et

2643 1996 2708 2060 in
2763 1994 2892 2076 his,
2944 2003 3015 2059 ut
3065 1992 3371 2075 diximus,
3428 2016 3467 2058 a
3523 1993 3818 2060 manibus
3864 1990 4059 2058 avidis
4117 1991 4220 2057 fa·

2646 2106 2812 2162 ctum
2855 2095 3214 2184 periculum.

2818 2199 2892 2262 In
2936 2219 3154 2263 eorum
3198 2216 3491 2277 numero,
3553 2196 3662 2282 qui
3703 2212 3928 2261 numos
3969 2206 4222 2264 veoeres

2650 2298 3018 2386 conquirere
3082 2296 3317 2379 amant,
3393 2306 3539 2363 sunt
3554 2346 3572 2378 ‚
3639 2296 4008 2386 fueruntque
4063 2300 4221 2367 'non

2647 2402 2831 2489 pauci
2845 2386 2892 2479 ‚⁶
2945 2402 3056 2488 qui
3107 2401 3500 2466 subaeratae.
3531 2398 3677 2463 huic
3731 2401 3922 2466 merci
3977 2400 4220 2469 studio·

2651 2503 2811 2584 sius,
2878 2523 3063 2589 quam
3118 2512 3411 2569 monetae
3466 2522 3655 2568 sanae
3708 2504 4072 2593 probaeque
4122 2507 4221 2571 in-

2649 2606 2916 2673 hiarunt.
3005 2604 3159 2689 Ejus
3214 2604 3342 2669 illis
3398 2604 3755 2692 cupiditatis
3802 2629 3991 2673 causa
4021 2608 4222 2675 'unica

2650 2707 2828 2789 fuit,
2854 2709 3073 2795 quia,
3088 2728 3227 2785 cum
3278 2719 3644 2794 persuasum
3684 2707 3807 2773 sibi
3851 2720 4051 2793 esset,
4111 2733 4217 2785 ve·
4259 2780 4266 2784 ,

2651 2819 2846 2877 terem
2898 2811 3010 2876 sic
3045 2808 3439 2876 adulterandi
3490 2819 3684 2876 artem
3741 2832 3884 2877 esse
3927 2812 4220 2903 deperdi-

2652 2923 2810 2994 tam,
2876 2931 3132 2977 securos
3200 2934 3343 2978 sese
3405 2911 3472 2977 in
3537 2914 3975 3001 comparandis
4029 2917 4222 3013 hujus

2653 3025 2908 3080 naturae
2960 3016 3162 3080 numis
3219 3037 3259 3080 a
3310 3024 3559 3080 recente
3597 3016 4011 3103 impostorum
4052 3008 4221 3086 stau·

2656 3118 2737 3184 de
2781 3116 3195 3184 crediderunt.
3282 3117 3438 3184 Non
3491 3139 3924 3206 repugnavero
3957 3121 4080 3214 xhis
4126 3125 4218 3189 vi-

2653 3223 2771 3304 ris,
2831 3224 2931 3286 sin
2982 3218 3053 3284 id
3108 3241 3297 3284 unum
3339 3221 3608 3287 maxime
3649 3222 3779 3288 illis
3821 3223 3936 3290 fuit
3974 3237 4222 3314 propo-

2655 3324 2838 3389 situm
2856 3371 2875 3404 ,
2946 3342 3077 3387 non
3143 3322 3372 3389 inferre
3435 3324 3729 3391 thesauro
3794 3333 3908 3391 su'o
3961 3348 4222 3412 numos,

2660 3425 2783 3490 nisi
2859 3435 3064 3491 certae
3136 3424 3285 3492 fidei
3350 3433 3590 3493 veteres
3612 3476 3630 3509 ‚
3717 3429 3960 3495 tametsi
4014 3453 4228 3518 aegere

2656 3529 2796 3617 ipse
2860 3550 3236 3616 sponsorem
3265 3533 3270 3540 ’
3300 3521 3549 3616 semper
3613 3525 3842 3614 nolim,
3905 3553 4224 3600 nummum

2657 3631 2926 3718 aliquem
2975 3653 3136 3700 ,esse
3199 3641 3508 3711 veterem,
3597 3634 3742 3721 quia
3803 3635 4220 3708 subaeratum.

2657 3735 2906 3802 Etenim
2958 3744 3269 3801 recentem
3293 3741 3298 3746 ’
3320 3735 3624 3802 fraudem
3653 3737 3720 3801 in
3762 3749 4018 3807 nostrae
4059 3761 4218 3829 quo·

1028 3833 1396 3902 Caracallae
1471 3855 1699 3903 aeneus
1761 3836 1812 3904 I.
1875 3834 2148 3919 formae,
2235 3846 2299 3902 et
2373 3839 2584 3925 operis
2652 3859 2773 3926 que
2817 3837 3058 3903 aetatis-
3077 3848 3330 3904 moneta
3363 3840 3565 3917 simile
3593 3835 3821 3932 fecisse
3848 3843 4214 3930 periculum,

1026 3934 1471 4025 perelegantis‚
1558 3940 1666 4026 qui
1736 3938 1962 4008 ferrum
2033 3937 2201 4005 intus
2276 3939 2583 4006 recondit.
2651 3948 2913 4006 testatur
2995 3939 3391 4008 Froelichius
3485 3928 3894 4031 conspectis.
3925 3958 4218 4018 monetae

1029 4037 1209 4103 Alia.
1227 4041 1466 4106 animae
1519 4039 1765 4107 ferreae
1811 4023 2099 4134 exempla
2162 4043 2381 4108 recitat
2430 4042 2584 4108 Rin-

1031 4140 1205 4207 chius
1226 4149 1319 4225 Ἴ,
1379 4152 1442 4209 et
1495 4142 1930 4212 Froelichius⁸
1941 4156 1992 4224 ).

1156 4459 1227 4543 i.)
1259 4475 1459 4531 robert.
1494 4475 1562 4529 Τ.
1597 4479 1638 4535 ι.
1674 4499 1729 4549 p.
1762 4476 1847 4534 6⁰.
1938 4513 1953 4536 x.

1018 4556 1079 4630 q)
1109 4559 1196 4615 IV.
1234 4558 1402 4614 'rent-
1420 4580 1531 4632 pag.
1565 4555 1687 4618 364.
1745 4593 1748 4600 ·
1890 4561 1942 4631 r)
1975 4564 2017 4617 l.
2050 4585 2091 4621 e.
2126 4585 2179 4635 p.
2213 4563 2296 4625 67.

2149 4480 2209 4550 ο)
2244 4483 2401 4537 Numi
2441 4503 2564 4633 ρος.
2601 4481 2659 4537 P.
2697 4483 2756 4536 11.
2791 4504 2845 4555 p.
2884 4487 3040 4543 199.·

2500 4588 2525 4626 ⁸
2592 4568 2628 4627 l.
2664 4589 2707 4621 e.

2655 4035 2935 4140 Gallicae
2987 4042 3190 4110 numis
3232 4043 3421 4131 plane
3476 4044 3710 4134 affabre
3755 4047 4098 4117 subaeratis
4120 4059 4216 4137 J,

2118 4144 2399 4212 Aeneum
2443 4167 2584 4212 cum
2652 4155 2715 4212 et
2760 4146 2854 4273 Cl.
2876 4144 3282 4214 Neumannus
3326 4170 3410 4220 ex
3450 4171 3669 4252 museo
3716 4151 4023 4222 Caesareo
4059 4156 4217 4224 sub·

3299 4483 3366 4555 p)
3402 4483 3769 4557 supplementi
3807 4488 3970 4544 Band.
3997 4495 4064 4562 p.
4098 4490 4228 4547 326.

2912 4567 2960 4635 ι)
2997 4569 3034 4625 Ι.
3069 4590 3113 4624 c.
3319 4568 3377 4636 v)
3410 4573 3492 4625 IV.
3530 4571 3681 4629 Tent.
3713 4594 3768 4643 p.
3803 4563 3917 4656 368.
4015 4643 4026 4648 -
4057 4643 4070 4654 .

2923 4808 2956 4826 Ι·
