4500 5650
1620 478 2138 554 CAPv‘r
2244 456 2438 555 xxl.

607 636 1007 705 characteres
1051 638 1239 725 hujus
1282 638 1592 726 epochae:

603 741 934 806 Metallum.
1054 740 1397 826 Argentum
1448 741 1682 823 adhuc,
1758 764 1997 810 aurum·

425 860 559 928 que
601 839 983 921 dominatur,
1044 851 1107 908 et
1157 841 1413 908 nonnisi
1466 864 1703 931 paucos
1757 866 1992 912 aeneos

421 942 597 1007 intra
634 940 798 1007 hanc
841 943 1147 1031 epocham
1190 944 1471 1031 signatos
1508 945 1841 1034 'possumus
1886 948 1993 1017 ad·
2094 976 2099 980 ·

423 1041 692 1108 firmare.
780 1042 1105 1111 Inductam
1147 1043 1267 1111 hac
1310 1055 1510 1113 aetate
1552 1048 1817 1115 Athenis
1862 1071 1993 1116 mo·

426 1154 639 1213 aetam
682 1164 941 1212 aeneam
984 1156 1245 1215 testatm·
1271 1148 1730 1237 Aristophanes
1773 1151 1841 1217 iu
1869 1150 1992 1217 Ra·

3341 504 3628 557 CXXXVII

2069 642 2424 713 doctrinam
2509 644 2629 710 rite
2714 644 3178 712 confirmabunt
3188 692 3208 726 ‚
3295 648 3629 735 praecipue

2064 767 2291 812 numos
2377 743 2797 855 Macedoniae
2828 797 2846 830 ,
2957 756 3020 813 et
3102 746 3344 815 vicinae
3428 749 3627 819 Thraz

2066 849 2218 916 ciac.
3597 866 3626 881 ··
3649 881 3666 891 ·

2235 953 2423 1018 Salus
2482 955 2769 1032 picturae.
2884 950 3112 1016 Vitatis
3175 951 3409 1038 prioris
3475 973 3624 1041 epo·
3680 969 3684 972 ’

2034 1050 2219 1119 ,chae
2272 1072 2382 1118 seu
2433 1050 2633 1141 vitiis,
2723 1071 2837 1116 seu
2891 1053 3345 1120 consuetudine
3398 1074 3623 1122 numos

2059 1154 2245 1240 hujus
2311 1150 2620 1218 intervalli
2684 1150 3004 1239 distinguit
3070 1154 3295 1221 modus
3345 1156 3625 1243 picturae

423 1248 563 1328 nis,
609 1269 767 1335 quae
809 1258 985 1314 actae
1029 1260 1174 1316 sunt
1213 1250 1293 1315 V.
1341 1251 1410 1317 C.
1454 1255 1631 1334 348„
1686 1252 1801 1319 sed
1843 1274 1989 1320 con-
2048 1259 2252 1342 justas
2324 1254 2574 1341 quidem
2637 1274 2895 1320 servans
2958 1255 3225 1342 partium
3289 1254 3622 1324 dimensio·

424 1358 563 1415 stat
643 1349 826 1415 etiam
911 1369 994 1416 ex
1070 1351 1389 1437 ejusdem'
1434 1353 1990 1437 Concionantibus,

423 1473 569 1517 eam
622 1451 839 1539 paullo
894 1462 1045 1539 post
1094 1452 1292 1525 fuisse
1345 1453 1644 1521 abolitam
1688 1456 1993 1522 clamante

354 1542 375 1551 ”
419 1575 770 1642 praecone:
842 1562 1297 1637 argento-enim
1347 1564 1609 1641 tuimur,
1664 1558 1839 1645 quod
1897 1580 1990 1624 ar·

418 1664 790 1742 gumentum
852 1654 1057 1722 laxius
1128 1658 1525 1725 tractabimus
1599 1659 1666 1724 in
1738 1669 1992 1726 moneta

420 1758 672 1839 Attica,
748 1778 871 1845 quo
926 1758 1084 1835 ¹loco
1120 1757 1514 1851 docebimus
1582 1761 1796 1842 etiam,
1856 1765 1990 1846 jam

419 1858 750 1947 aliquanto
836 1861 1129 1926 maturius
1216 1864 1350 1946 ejus
1439 1883 1616 1928 usum
1689 1872 1989 1939 tentatum

254 1958 279 1973 “
334 1964 342 1969 “
418 1983 469 2027 a
548 1960 867 2044 Dionysio
966 1961 1257 2047 rhetore,
1332 1963 1475 2029 ‘sed
1567 1963 1985 2051 reprobatum.

2060 1379 2204 1438 nes,
2295 1356 2576 1422 nondum
2639 1354 2844 1421 tamen
2906 1355 3301 1443 perfectioris
3369 1367 3623 1427 natiuae

2060 1459 2428 1546 elegantiam
2514 1466 2578 1522 et
2663 1455 3025 1539 illecebras,
3116 1479 3269 1546 quas
3355 1458 3623 1527 subinde

2061 1562 2346 1630 Charites
2418 1556 2747 1641 addidere,
2837 1561 3217 1648 exprimens.
3350 1560 3624 1629 Possunt

2060 1685 2140 1730 ex
2191 1662 2396 1730 numia
2454 1660 2697 1727 infinita
2759 1664 2894 1747 ejus
2952 1661 3242 1747 exempla
3297 1664 3459 1749 peti,
3533 1672 3619 1731 at-

2059 1788 2181 1853 que
2234 1764 2403 1831 istud
2459 1772 2635 1832 tanto
2693 1763 2949 1845 certius,
3017 1763 3161 1849 quia
3213 1784 3414 1850 pauca
3470 1765 3616 1833 alte·

2055 1869 2185 1933 rius
2238 1866 2486 1952 generis
2540 1874 2964 1932 monumenta„
2992 1886 3074 1930 ex
3126 1863 3254 1930 hoc
3306 1876 3464 1933 acvb
3519 1889 3615 1934 su-

2056 1977 2331 2057 persunt.

418 2062 605 2147 Ergo
638 2067 767 2149 jam
808 2072 941 2129 tum
982 2085 1089 2130 aes
1133 2064 1200 2163 in
1246 2065 1513 2131 Graecia
1561 2066 1792 2152 respici
1845 2087 2005 2132 coe·.
2110 2108 2131 2121 ,

416 2172 620 2251 ptum.
730 2166 1068 2232 Enimvero
1122 2164 1476 2252 complures
1534 2165 1834 2232 habemus
1888 2188 1987 2232 ae·

416 2277 585 2332 neos
634 2266 952 2349 Amyntac
1002 2282 1262 2347 numos,
1337 2267 1445 2352 qui
1493 2265 1853 2355 Philippum
1905 2267 1985 2335 II.

416 2370 710 2457 proxime
753 2368 1111 2456 praecessit.

599 2472 906 2554 numo
959 2473 1216 2557 ejusque
1269 2469 1494 2538 modus
1537 2426 1670 2538 fere
1727 2472 1809 2538 ad
1852 2492 1988 2538 eam
2022 2538 2029 2563 f

420 2571 692 2654 accedit,
762 2594 947 2691 quam
1001 2571 1270 2638 diximus
1328 2573 1523 2640 fuisse
1579 2572 1862 2662 epochae
1914 2575 1988 2655 I.,

306 2669 333 2678 ’
422 2683 497 2742 et
539 2678 673 2760 jam
737 2676 977 2741 sensim
1031 2679 1337 2743 literar-m
1378 2676 1595 2757 somna
1655 2697 1860 2761 novae
1920 2696 1990 2741 se

419 2778 657 2845 rationi
700 2776 1184 2865 adcommodare
1235 2777 1483 2866 incipit,
1536 2801 1594 2845 v.
1638 2799 1699 2865 g.
1745 2779 1832 2843 H
1867 2796 1986 2863 pro

416 2884 497 2947 E
531 2881 757 2966 longe,
797 2880 861 2946 Ω
904 2888 1021 2968 pro
1071 2886 1125 2946 Ο
1164 2879 1360 2967 longo
1406 2889 1522 2947 etc.

605 2982 880 3046 Febrim.
1006 2980 1336 3049 Metallum
1393 2991 1584 3048 -antea
1652 2979 1988 3066 globosum

400 3088 555 3168 jam
600 3104 672 3149 se
709 3083 902 3168 magis
944 3084 1244 3172 explicat,
1312 3086 1429 3152 etsi
1471 3082 1737 3150 crassius
1781 3081 1987 3148 adhuc

413 3192 553 3264 est,
622 3205 809 3271 quam
863 3184 1155 3275 deinceps
1207 3187 1339 3252 erit.
1473 3183 1708 3252 Confer
1758 3205 1983 3251 numos

414 3297 639 3372 regum
702 3285 1126 3355 Macedoniae
1193 3298 1256 3354 et
1325 3286 1542 3354 Cariae
1566 3336 1585 3369 ‚
1675 3288 1783 3376 qui
1841 3296 1986 3353 sunt

414 3387 607 3474 huJ'us
666 3389 989 3477 epochae,
1036 3400 1165 3457 tum
1223 3391 1685 3471 Syracusanos,
1739 3388 1982 3455 Messa-

314 3483 325 3492 ’
418 3509 685 3573 nenses,
773 3483 1190 3576 Cyrenaicos,
1248 3491 1595 3582 aliosque,
1679 3490 1823 3578 qui'
1870 3511 1985 3578 per

418 3590 673 3679 plures..
711 3591 864 3659 alias
938 3615 1156 3664 causas
1229 3594 1412 3681 hujus
1483 3616 1623 3660 esse
1704 3593 1986 3682 epochae

423 3695 902 3780 comperiuntur.
990 3695 1252 3763 Nullum
1293 3697 1428 3781 J‘am
1475 3697 1541 3760 in
1593 3704 1787 3784 parte
1813 3716 1984 3762 aver-

419 3815 510 3863 sa
562 3795 915 3882 quadratum
975 3785 1244 3886 turpiter·
1284 3796 1465 3866 hians
1484 3845 1502 3880 ,
1578 3807 1684 3864 aut
1732 3783 1984 3863 incertis

412 3895 613 3963 lineis
656 3897 945 3994 divisum,
1000 3900 1118 3967 sed
1162 3900 1226 3964 in
1280 3902 1415 3985 ejus
1457 3898 1663 3965 locum
1708 3897 1987 3965 succedit

360 4011 646 4090 (typum
734 4002 855 4070 etsi
918 4022 1107 4089 saepe
1171 3971 1504 4089 quadr-ate,
1593 4009 1788 4087 atque.
1840 3999 2015 4066 huic·

364 4117 872 4202 >nonunquam
946 4102 1239 4191 duplici,
1283 4101 1557 4169 inclusus
1573 4151 1593 4183 ,
1666 4111 1985 4176 remanen-

404 4203 589 4271 tibus
638 4205 928 4300 nimirum
984 4206 1213 4294 operis·
1247 4205 1468 4293 prisci,
1525 4203 1641 4270 sed
1679 4203 1819 4290 jam'
1856 4203 1983 4270 cul-

407 4305 637 4388 tioris,
721 4307 1029 4393 vestigiis,
1106 4306 1280 4395 quod
1342 4315 1765 4391 argumentum
1831 4305 1980 4375 loco

340 4465 347 4470 .
407 4427 613 4496 saepe
663 4407 920 4478 laudato
972 4408 1287 4497 eleganter
1350 4430 1424 4474 ac
1483 4407 1706 4474 ordine
1761 4416 1981 4474 tracta-

402 4510 514 4576 vit
582 4509 1076 4596 Barthelemyus.
1202 4511 1504 4588 Percurre
1523 4558 1541 4593 ,
1631 4511 1737 4597 qui
1822 4509 1983 4575 hanc

492 4628 641 4692 (Vel.
684 4631 757 4695 Ι.)

2549 2169 2947 2235 EPOGHA
3007 2170 3129 2237 111.

2056 2298 3039 2405 Absseapwippifl.mqu0
3093 2324 3614 2393 namm-
3691 2390 3710 2403 Χ

2257 2446 2362 2490 sae
2401 2423 2752 2505 reipublicae
2769 2423 3100 2515 ³Romame
3135 2435 3416 2506 tempera.

2229 2575 2382 2640 Tria
2469 2572 2749 2640 circiter
2799 2560 3048 2639 saecula
3118 2572 3275 2638 haec
3346 2574 3612 2662 epocha,

2017 2672 2216 2765 'quae
2288 2697 2480 2746 aurea
2534 2676 2685 2741 artis
2751 2675 3029 2741 Graecae
3089 2683 3268 2741 aetas
3339 2675 3617 2762 putanda

2056 2787 2182 2861 est,
2249 2775 2703 2865 complectitur.

2114 2903 2123 2914 ‘
2227 2882 2558 2947 Metallum.
2673 2878 2956 2944 Durante
3019 2879 3181 2961 auri,
3253 2881 3615 2967 argentique

2053 3003 2170 3049 usu
2214 2985 2350 3067 jam
2404 2979 2638 3068 passim
2704 2998 2836 3043 non
2890 3001 2930 3044 a
2985 2977 3335 3046 civitatibus
3393 2981 3610 3064 modo,

2054 3082 2171 3149 sed
2257 3091 2322 3148 et
2403 3081 2657 3167 regibus
2742 3081 2988 3147 invecta
3071 3090 3358 3147 moneta¹
3399 3103 3609 3149 aenea.

2020 3186 2289 3253 'Causas
2335 3181 2619 3250 dedimus
2663 3204 2853 3270 supra
2894 3181 3096 3269 capite
3136 3182 3313 3255 Vm.

2224 3289 2537 3370 marmio
2587 3289 2725 3372 .Jam
2788 3283 3162 3372 productior
3212 3282 3442 3366 additis
3491 3285 3611 3353 fre-

2053 3398 2315 3477 quenter
2335 3393 2348 3422 ·’
2372 3389 2764 3473 magistratus
2817 3386 3175 3454 nominibus
3189 3434 3209 3470 ,
3283 3386 3398 3453 sed
3454 3408 3632 3454 non--

2054 3492 2199 3557 dum
2256 3509 2557 3577 expressa
2612 3494 2745 3576 ejus
2799 3489 3124 3580 dignitate,
3182 3510 3295 3556 eeu
3348 3490 3612 3557 archon-

2052 3594 2163 3672 tis,
2229 3593 2537 3680 praetoris
2592 3601 2708 3658 ete.
2840 3590 3173 3673 Prytanem
3224 3600 3435 3659 tamen
3485 3612 3639 3657 me·-

2052 3705 2300 3761 morant
2343 3694 2693 3782 cistophori
2738 3694 3121 3781 Pergameni.

2223 3799 2560 3866 &mmm
2600 3797 2818 3882 forma
2878 3794 3097 3862 eadem
3147 3802 3246 3861 cst
3301 3790 3438 3860 cuni
3492 3779 3608 3861 ho-

2054 3898 2302 3981 dierna,
2374 3920 2513 3965 cum
2559 3898 2798 3966 Graece
2848 3897 3205 3977 scribimus,
3276 3896 3411 3962 sive
3463 3894 3611 3984 quia

2052 4022 2202 4090 prae
2261 4001 2638 4080 vetustiore,
2705 4009 2769 4067 et
2822 4021 2926 4081 ea,
3002 4018 3162 4085 quae
3224 4005 3438 4064 secuta
3487 4005 3606 4080 est,

2050 4102 2248 4188 magis
2292 4101 2556 4189 placuit,
2613 4102 2746 4168 sive
2787 4102 2965 4191 quia,
3032 4098 3206 4188 quod
3267 4121 3306 4165 a
3350 4098 3605 4164 Graecis

2051 4202 2172 4269 hac
2258 4213 2460 4270 aetate
2545 4202 2886 4271 factitatum
2906 4252 2927 4287 ,
2989 4212 3003 4221 “
3038 4211 3302 4291 propter
3387 4200 3606 4265 artium
3735 4223 3742 4228 ·

2051 4306 2326 4380 omnium
2412 4304 2855 4393 perfectionem
2879 4353 2901 4386 ,
2921 4366 2936 4376 ,
3032 4300 3376 4370 communia
3448 4302 3603 4383 jam,

2048 4423 2253 4495 neque
2315 4406 2464 4473 loco
2522 4408 2833 4474 movenda
2888 4405 2996 4470 lex
3049 4404 3261 4470 evasit.
3398 4400 3606 4486 Hujus

2050 4511 2232 4574 etiam
2287 4508 2422 4574 aevi
2476 4507 2795 4576 character
2848 4505 3231 4575 certissimus
3265 4511 3432 4574 -sunt
3471 4523 3604 4576 non

3178 4629 3210 4674 a
