4500 5650
1685 501 1741 571 C
1781 500 1859 573 Α
1910 500 2093 576 Pv
2144 501 2246 575 T-
2317 502 2498 572 XlX.

480 662 585 729 lis.
696 660 848 726 Pars
901 680 1125 728 aversa
1172 660 1343 725 numi
1394 660 1621 743 veteris
1676 659 1877 741 obvii,
1945 659 2060 743 sed

484 752 697 853 probe
739 763 984 849 integri,
1030 759 1176 825 lima
1219 758 1511 843 aufertur,
1567 769 1633 826 et
1672 763 1741 829 ιιι
1784 766 1920 847 ejus
1964 761 2061 826 lo·

492 887 634 933 cnm
664 882 788 951 ope
818 863 1091 928 matricis
1122 859 1461 927 modernae
1492 871 1680 949 typus
1726 864 1906 945 alius,
1953 864 2061 951 qui

491 977 765 1036 veterem
808 964 1098 1043 imitetur,
1142 963 1528 1051 imprimitur,
1575 965 1748 1053 quod
1788 966 1875 1046 fit,
1920 987 2059 1051 par-

495 1081 651 1151 tem,
709 1089 833 1156 qua
875 1075 1062 1153 caput
1104 1074 1231 1147 est,
1285 1064 1663 1154 applicando
1709 1066 2059 1134 chartarum

486 1171 675 1250 strui,
730 1190 811 1235 ne
865 1177 1051 1256 caput
1102 1167 1261 1233 ictus
1314 1167 1705 1235 vehementia
1754 1168 2056 1236 subsidat.

488 1273 635 1340 Hac
677 1272 863 1357 igitur
905 1270 1151 1335 ratione
1186 1288 1408 1335 numus
1436 1271 1648 1339 existit
1676 1270 1950 1358 elegans,
1995 1280 2059 1337 et

490 1374 565 1439 si·
593 1374 811 1438 dexter
853 1370 971 1436 fuit
1012 1371 1283 1461 matricis
1326 1393 1531 1439 novae
1573 1373 1828 1453 artifex,
1889 1381 2055 1440 vete·

485 1496 627 1541 rum
650 1472 967 1567 aemulus.
1035 1473 1114 1539 Id
1138 1494 1333 1559 genus
1362 1495 1619 1541 aversae
1650 1497 1765 1542 sua
1791 1497 1932 1542 sese
1956 1496 2055 1541 ra-

410 1592 417 1597 *
484 1575 676 1647 ritate
733 1574 1202 1656 commendant,
1264 1585 1327 1641 et
1379 1575 1717 1665 pleraeque
1769 1576 2121 1663 genuinis

486 1679 561 1742 in
600 1677 805 1741 numis
847 1696 1157 1762 nunquam
1185 1677 1598 1762 reperiuntur,
1637 1678 1855 1766 quales
1883 1687 2051 1744 sunt:

487 1798 686 1864 aquas
720 1780 1048 1849 ,Claudum
1112 1801 1199 1843 αι*
1229 1779 1507 1860 fontibus
1561 1791 1666 1845 etc.
1729 1781 1797 1844 in
1850 1783 2054 1845 ‘numo

490 1876 986 1959 Glaudii,1²0m
1026 1881 1234 1944 Aelim
1282 1879 1386 1947 vel
1440 1883 1752 1964 Espeditio
1794 1883 2057 1947 Judaioa

484 1982 557 2046 in
615 1981 818 2046 numis
866 1978 1190 2046 Hadriani.
1277 1979 1523 2048 Numos
1577 1983 1699 2048 hac
1751 1991 1883 2048 arte
1925 1981 2053 2049 for·

490 2092 696 2149 matos
750 2101 831 2147 ex
883 2081 1028 2168 ipso
1083 2078 1355 2147 fabricae
1405 2084 1635 2166 modo,
1725 2106 1851 2172 quo
1908 2105 2053 2205 pars

493 2183 699 2249 antica
738 2180 818 2247 ab
863 2203 1087 2248 aversa
1128 2181 1399 2265 abludit,
1448 2184 1827 2275 dignoveris.

662 2281 855 2349 Numi
919 2282 1255 2368 compositi
1322 2295 1614 2351 constant
1668 2307 1750 2351 ex
1805 2283 2169 2353 duobusu

452 2385 697 2483 ‘nmis
737 2382 1010 2450 dimidiis
1047 2383 1253 2467 obviis
1283 2384 1552 2472 quidem,
1597 2386 1712 2453 sed
1756 2388 1863 2474 qui
1905 2408 2055 2455 con·

478 2486 684 2574 juncti
725 2505 935 2551 rarum
980 2483 1272 2550 efficiunt.
1348 2486 1527 2553 Haec
1570 2486 1739 2555 fraus
1782 2510 1914 2556 non
1948 2511 2055 2555 ae-

490 2590 629 2656 neis
671 2585 908 2668 solum,
965 2585 1081 2653 sed
1134 2588 1442 2673 argenteis
1498 2611 1751 2677 quoque
1794 2592 2055 2659 intenta·

489 2698 623 2771 tur,
672 2712 730 2756 v.
776 2709 836 2776 g.
881 2709 964 2754 ex
1018 2698 1208 2755 numo
1254 2688 1561 2757 Antonini
1617 2692 1860 2758 tollitur
1910 2714 2057 2779 pars

487 2811 743 2876 aversa„
819 2790 1001 2878 eique
1054 2789 1402 2879 applicatur
1465 2801 1651 2881 caput
1700 2793 2056 2876 Faustinae,

348 2909 369 2916 “
491 2914 575 2959 en
631 2893 746 2958 tibi
799 2912 1050 2957 numum
1101 2914 1326 2959 rarum.
1415 2894 1486 2958 Si
1532 2892 1760 2961 numus
1817 2906 1914 2962 est
1957 2915 2055 2962 ae-

491 3014 678 3073 neuS,
706 2992 995 3078 seligitur
1037 2992 1195 3059 alter
1237 2992 1516 3078 ejusdem
1550 2995 1795 3081 coloris
1830 3006 1894 3062 et
1922 3018 2055 3064 ver·

492 3093 679 3161 uicis.
766 3092 1007 3159 Numos
1048 3094 1323 3181 reperias
1357 3095 1478 3160 hac
1506 3108 1639 3163 arte
1665 3107 1791 3164 tam
1821 3089 2056 3165 affabre

491 3195 795 3277 sociatm,
841 3203 908 3261 ut
948 3196 1200 3262 nonnisi
1243 3196 1522 3280 scientia,
1568 3220 1709 3265 esse
1752 3201 1844 3266 sic
1888 3223 2058 3284 comff

426 3359 439 3365 -
488 3298 764 3387 positoS,
809 3294 1089 3363 fraudem
1132 3299 1385 3385 aperiat,
1431 3301 1767 3388 praecipue
1809 3323 1948 3368 cnm
1989 3303 2055 3369 in

489 3401 622 3467 hoc
662 3395 924 3465 fallendi
968 3399 1226 3485 negotio
1272 3421 1387 3466 ora
1426 3402 1599 3470 numi
1640 3424 1888 3492 semper
1929 3426 2054 3471 ma·

491 3511 641 3571 neat
677 3501 916 3567 illaesa.
1900 3523 1908 3530 ·

663 3603 826 3669 Sunt
878 3601 1049 3667 numi
1099 3600 1206 3667 alii
1258 3604 1483 3690 partim
1536 3607 1842 3692 argentei,
1917 3628 2055 3695 par-

420 3713 445 3722 ‘
496 3704 854 3784 tim-aenei,
913 3703 1247 3791 compositi
1288 3713 1381 3770 'ex
1422 3705 1671 3774 duobus
1715 3709 1917 3775 numis
1959 3707 2052 3774 di-

496 3803 703 3871 midiis
755 3804 1226 3892 conglutinatis,
1319 3827 1478 3893 opus
1520 3810 1859 3891 artificum,
1947 3811 2054 3898 qui

426 3961 437 3976 .
494 3916 899 3996 memoratum
943 3907 1364 3995 componendi
1406 3908 1694 3993 modum,
1742 3912 1886 4001 quia
1928 3933 2051 3978 ma·

444 4075 455 4080 ,
484 4009 607 4096 gis·
633 4007 894 4091 arduus,
934 4018 1253 4098 praestare
1292 4021 1622 4097 nequeunt.
1712 4015 1944 4080 Verum
1985 4015 2053 4079 in

440 4109 597 4175 ‘his
659 4108 905 4174 fallacia
969 4131 1117 4177 sese
1176 4112 1476 4178 continuo
1543 4113 1892 4182 manifestat
1962 4116 2053 4182 in-

488 4221 710 4300 specta
765 4232 907 4292 ora,
975 4222 1157 4300 quam
1212 4211 1340 4278 hoc
1392 4214 1457 4278 in
1508 4212 1794 4283 instituto
1853 4215 2054 4282 limari

487 4307 738 4400 semper
783 4314 1080 4399 oportuit.

618 4485 643 4496 ,
665 4413 913 4480 Interea
983 4416 1323 4502 compositi
1358 4414 1452 4498 ,hi
1508 4419 1680 4486 numi
1752 4417 2055 4484 confundi

486 4532 628 4598 non
672 4511 906 4602 debent
957 4536 1096 4582 cum
1152 4538 1378 4605 magno
1424 4540 1683 4588 numero
1728 4537 2055 4589 numorum

3503 520 3696 599 cxxv·
3757 557 3766 567 .

2129 681 2278 727 vere
2330 661 2724 748 antiquorum
2779 652 2856 725 in*
2904 661 3078 727 omni
3129 658 3383 727 metallo
3444 670 3507 726 et
3562 661 3687 727 for·
3751 688 3758 702 ·

2127 784 2257 846 ma,
2327 765 2441 850 ,qui
2510 783 2784 828 aversas=
2826 760 3096 828 offerunt
3162 761 3244 828 ab
3304 763 3688 849 imperatori-

2126 864 2279 947 bus,
2356 886 2622 952 quorum
2671 865 2954 951 praefixa
3010 873 3156 929 sunt
3214 852 3452 952 capita,
3543 864 3690 931 alie·

2126 976 2259 1037 nas'.
2359 968 2596 1034 Harum
2652 988 2838 1031 causa
2889 966 3362 1053 perversitatum
3413 964 3533 1030 fuit
3587 972 3691 1031 aut

2129 1070 2458 1135 oscitantia
2526 1068 3054 1150 monetariorum,
3129 1076 3236 1134 aut
3306 1065 3474 1132 fraus
3547 1066 3688 1132 arti·

2129 1171 2349 1253 ficum,
2384 1174 2517 1255 jam
2560 1182 2771 1238 vetere
2811 1191 2971 1237 aevo
3017 1178 3331 1281 monetam
3372 1167 3687 1256 publicam

2127 1272 2670 1360 corrumpentium.

2804 1444 2837 1519 §
2901 1439 3011 1505 VL

2623 1543 2723 1609 De
2766 1542 2960 1611 numia·
2980 1545 3184 1628 fissis.

2292 1676 2616 1759 Fissurae,
2674 1698 2828 1764 quas
2874 1684 3245 1742 contraxere
3289 1671 3537 1759 copiosi
3579 1691 3687 1737 nu·

2123 1779 2210 1845 mi
2251 1788 2513 1861 veteres„
2559 1788 2622 1843 ct
2663 1778 2997 1865 praecipue
3027 1773 3282 1859 majoris
3313 1775 3472 1840 aeris
3503 1795 3691 1839 causa

2124 1878 2444 1966 amplioris
2516 1878 2896 1960 voluminis„
2987 1878 3410 1945 occasionem·
3455 1875 3689 1941 dedere

2122 1980 2390 2046 falsariis
2449 1979 2653 2066 ipsum
2722 1980 2849 2045 hoc
2901 1981 3118 2046 vitium
3169 1976 3481 2057 imitandi,
3557 1997 3686 2062 quo

2120 2079 2361 2147 facilius
2413 2101 2636 2147 numus
2694 2082 2983 2168 antiquus
3043 2078 3376 2146 videretur.
3464 2077 3687 2143 Potior

2122 2204 2268 2275 pars
2328 2203 2656 2248 numorum
2703 2182 3006 2251 falsorum
3054 2180 3312 2247 dubium
3368 2175 3537 2244 istud
3582 2200 3687 2244 an·

2123 2385 2377 2473 primis,
2436 2395 2504 2451 ut
2548 2383 2712 2467 dixi,
2769 2384 2847 2467 ii,
2910 2384 3018 2472 qui
3057 2383 3264 2468 magni
3317 2390 3464 2448 sunt
3507 2381 3687 2462 aeriS,

2124 2488 2304 2575 quia,
2373 2495 2607 2581 quanto
2651 2486 2838 2553 latior
2881 2493 2979 2552 est
3017 2485 3191 2551 numi
3235 2484 3506 2568 orbis,
3485 2478 3687 2549 ta'nto
3747 2514 3756 2521 -

2121 2587 2365 2653 facilius
2421 2586 2702 2669 finditur3
2759 2589 2932 2675 atqui
2985 2597 3219 2655 certum
3271 2597 3394 2668 est,
3454 2607 3493 2651 a
3547 2585 3690 2651 sola

2124 2688 2334 2769 mallei
2377 2688 2764 2756 vehementia
2804 2689 3085 2756 fissuram
3139 2688 3308 2754 numi
3353 2685 3686 2774 proficisci.

2123 2790 2200 2856 In
2257 2799 2511 2857 nostrae
2569 2791 2788 2858 aetatis
2841 2800 3094 2858 moneta
3134 2789 3245 2870 ‚vix
3288 2808 3559 2878 unquam
3601 2788 3689 2858 vi·

2106 2893 2277 2958 .tium
2329 2891 2498 2958 istud
2553 2894 2888 2979 reperitur,
2945 2893 3113 2979 ‘quia
3170 2892 3237 2958 in
3302 2892 3424 2958 hac
3478 2891 3690 2979 operis

2122 2994 2454 3088 monetarii
2504 2992 2889 3081 perfectione
2954 2991 3172 3057 unicus
3237 2983 3466 3058 sufficit
3528 2993 3688 3060 ictus

2124 3095 2205 3162 ad
2244 3096 2692 3182 imprimendos
2735 3116 2926 3184 numo
2971 3103 3182 3177 typos.
3245 3092 3335 3158 At
3376 3114 3532 3160 vero
3576 3115 3714 3159 nu·-

2121 3219 2263 3264 mos
2305 3207 2547 3264 veteres
2590 3205 2849 3284 propter
2903 3193 3206 3285 repetitos
3229 3191 3461 3260 'mallei
3501 3194 3686 3276 ictus,

2125 3303 2303 3384 cujus
2359 3299 2698 3365 certissima
2752 3295 2987 3363 indicia
3039 3317 3257 3363 eorum
3299 3296 3549 3386 plurimi
3594 3296 3688 3364 of·

2126 3401 2356 3483 ferunt,
2401 3400 2644 3468 facilins
2686 3399 2841 3465 findi
2884 3420 3143 3465 necesse
3184 3397 3315 3465 fuit.
3395 3398 3535 3465 Has
3577 3400 3689 3483 igi·
3787 3393 3790 3402 '

2121 3512 2223 3570 tur
2276 3502 2530 3569 fissuras
2583 3502 2651 3566 in
2701 3502 2933 3583 numis,
2999 3521 3110 3566 seu
3162 3501 3507 3588 percussis,
3577 3522 3691 3567 seu

2122 3603 2279 3671 fusis
2333 3604 2559 3670 imitari
2615 3603 2867 3703 placuit.
2979 3601 3085 3669 Ad
3139 3623 3324 3689 quam
3380 3600 3689 3670 fallaciam

2125 3704 2538 3823 detegendam
2610 3713 2864 3793 oportet
2929 3712 3250 3820 utramque
3315 3704 3486 3772 numi
3549 3725 3688 3791 par·
3757 3699 3768 3760 ἶ

2121 3817 2246 3873 tem
2329 3808 2396 3873 in
2482 3803 2747 3873 examen
2829 3827 3059 3874 vocare
3085 3854 3105 3887 ,
3194 3815 3258 3871 et
3342 3804 3686 3887 advertere,

2106 3918 2322 4001 *utrum
2392 3907 2615 3974 fissura
2677 3909 2838 3974 haec
2897 3907 3018 3973 iter
3067 3905 3352 3973 naturale
3406 3916 3684 3993 peragat,

2119 4010 2403 4097 illudque
2446 4019 2790 4090 arcuatum,
2843 4029 2918 4074 ac
2963 4007 3232 4095 denique
3275 4010 3342 4074 in
3385 4007 3558 4076 filum
3600 4018 3688 4074 te·

2120 4113 2483 4178 nuissimum
2528 4110 2795 4176 desinat.
2839 4108 3046 4175 ‘Haec
3086 4110 3140 4175 si
3183 4120 3438 4197 praesto
3484 4119 3680 4189 erunt,

2121 4235 2407 4290 numum,
2484 4222 2588 4278 aut
2639 4213 2843 4277 verius
2898 4211 3066 4286 numi
3123 4212 3470 4279 orbiculum
3529 4212 3686 4275 anti·

2124 4338 2312 4404 quum
2355 4324 2538 4403 puta,
2595 4314 2823 4380 etenim
2866 4313 3016 4379 fieri-
3045 4305 3286 4400 potest,
3311 4329 3318 4333 ’
3342 4323 3428 4390 ιιι,
3462 4333 3686 4379 numus

2124 4427 2331 4484 cetera
2392 4416 2678 4502 antiquus
2742 4410 2871 4481 alio
2936 4416 3091 4481 vitio
3113 4464 3133 4499 ‚
3209 4414 3417 4502 qualia
3477 4413 3688 4481 hacte-

2123 4540 2242 4589 nns
2309 4518 2748 4606 exposuimus,
2811 4515 3079 4582 laboret.
3214 4517 3303 4581 At
3358 4516 3413 4582 si
3469 4514 3691 4584 fissura
