4500 5650
3225 608 3334 641 ‚„
3451 555 3669 619 cxxxx

1390 828 1427 857 χ
1514 672 2223 917 (ιῨΑΡνι
2306 752 2557 859 xxl.

634 939 756 1016 De
809 954 1062 1016 aetate
1106 966 1515 1017 numerum
1566 943 2026 1044 definienda,

2110 941 2476 1045 variisque
2526 942 2736 1017 varia
2782 946 3062 1031 aetate,
3130 948 3459 1052 locisque

1780 1077 1973 1153 arti-5
2030 1075 2303 1153 causele.

437 1262 648 1357 Varii
701 1299 848 1357 sunt
888 1287 1097 1372 modi,
1163 1286 1272 1377 qui
1332 1289 1593 1373 docent,
1662 1279 1744 1358 de
1797 1311 2015 1358 numo·

433 1413 585 1461 rum
627 1401 828 1485 aetate
871 1402 1041 1459 recte
1081 1413 1155 1458 ac
1198 1390 1415 1459 sobrie
1457 1393 1763 1461 arbitrari.
1860 1391 2016 1458 Non

432 1495 684 1581 agimus
734 1493 842 1561 hic
897 1493 981 1560 de
1030 1494 1140 1575 iis,
1229 1497 1358 1582 qui=
1392 1517 1506 1583 per
1566 1506 1764 1562 certas
1829 1503 2013 1561 notas

436 1594 939 1695 chronologicas
1007 1614 1183 1662 suam
1263 1597 1390 1685 ipsi
1465 1607 1728 1664 aetatem
1795 1605 2015 1685 suapte

350 1734 361 1739 -
434 1687 836 1779 edisserunt,
915 1697 1268 1784 cujusmodi
1324 1708 1470 1765 sunt
1524 1699 1809 1797 inscripti
1863 1720 2014 1786 epo·

436 1798 608 1866 chae
659 1799 837 1879 anni,
911 1820 1080 1919 quae·
1120 1799 1281 1866 ratio
1341 1802 1719 1881 certissima,
1789 1797 2012 1866 saltem

433 1910 607 1983 tum,
682 1921 820 1967 cum
886 1899 967 1967 de
1026 1904 1183 1986 eJus
1222 1900 1492 1969 exordio
1558 1909 1839 1983 constat,
1908 1900 2012 1968 vel

430 1996 717 2089 effigies,
805 2012 914 2070 aut
998 2002 1221 2071 saltem
1306 2023 1538 2075 nomen
1611 2004 1812 2089 regis,
1909 2013 2014 2069 aut

438 2124 821 2195 quocunque
875 2107 1132 2173 nomine
1179 2106 1572 2195 imperantiS,
1652 2105 1800 2193 quia
1862 2112 2010 2171 tem·

436 2228 599 2297 pus,
664 2229 787 2296 quo
831 2206 1247 2297 principatum
1289 2217 1578 2286 tenuere,
1652 2205 2017 2294 plerumque

435 2332 526 2379 ex
574 2309 837 2377 historia
892 2310 1108 2375 critica
1161 2318 1394 2375 certum
1436 2318 1749 2390 tenemus,
1825 2328 2015 2395 quan·

396 2433 630 2502 ·quam
703 2411 771 2477 in
830 2409 953 2477 hac
1008 2420 1187 2499 parte
1240 2409 1531 2476 cautione
1584 2429 1780 2495 opus,
1858 2409 2016 2495 *quia

322 2526 333 2535 ‘
432 2513 615 2583 fuere
688 2514 1039 2601 principes,
1129 2513 1355 2600 quibus
1433 2520 1609 2597 grata
1676 2510 2014 2597 posteritas

442 2613 560 2684 diu
610 2626 761 2704 post
815 2636 1033 2681 eorum
1088 2624 1352 2681 mortem
1410 2634 1636 2679 numos
1679 2612 2014 2693 dedicavit,

437 2740 560 2786 ceu
606 2718 874 2800 Geloni,
921 2716 1222 2799 Hieroni,
1267 2713 1633 2782 Alexandro
1664 2714 1799 2796 M„
1843 2714 2014 2781 Julio

437 2823 728 2905 Caesari,
766 2831 874 2889 xut
929 2819 997 2886 in
1053 2817 1439 2905 singulorum
1491 2818 1693 2884 numis
1758 2817 2015 2887 dicetur.

433 2923 681 2991 Verum
721 2925 958 3012 agimus
1001 2922 1132 2990 hoc
1172 2922 1323 2988 loco
1368 2920 1450 2988 de
1493 2921 1695 2987 numis
1736 2920 1846 3002 iis,
1907 2921 2015 3007 qui

435 3036 720 3113 utroque
753 3026 903 3124 ‚hoc
938 3024 1223 3116 subsidio
1270 3021 1351 3090 ad
1391 3022 1808 3089 definiendam
1850 3031 2014 3088 aeta·

432 3135 575 3196 tem
633 3148 807 3194 suam
873 3136 1106 3210 carent,
1180 3147 1305 3213 qua
1368 3125 1589 3191 indole
1632 3125 2012 3213 plerumque

433 3240 590 3297 sunt
642 3228 816 3295 numi
865 3228 993 3311 illi,
1060 3249 1225 3317 quos
1295 3241 1636 3295 autonomos
1694 3219 2007 3293 vocamus.

434 3333 529 3400 Et
588 3340 796 3398 tamen
847 3331 1167 3418 permagni
1221 3330 1480 3398 interest
1537 3330 1681 3397 sive
1723 3326 1807 3393 ad
1860 3325 2010 3394 artis

438 3434 671 3528 veteris
730 3431 1086 3513 historiam,
1156 3432 1291 3498 sive
1349 3433 1503 3500 alias
1567 3451 1818 3511 causae,
1892 3430 2009 3496 etsi

2083 1288 2321 1375 ptionis
2388 1288 2651 1374 modus,
2741 1260 2817 1358 ac
2877 1290 3195 1361 literarum
3247 1292 3481 1383 forma,
3566 1300 3657 1373 fa-

2084 1388 2293 1473 brica,
2385 1413 2513 1479 quo
2605 1392 2861 1459 nomine
2945 1394 3352 1483 intelligimus
3438 1382 3672 1481 (ιιιιιευι

2084 1493 2299 1609 operis
2353 1503 2644 1559 externas
2704 1516 2744 1560 a
2795 1495 3154 1565 mechanica
3201 1492 3469 1589 petitas,
3549 1503 3657 1573 de·

2082 1594 2272 1682 nique
2325 1594 2603 1683 picturae
2661 1595 2872 1677 stilus,
2961 1620 3089 1686 quo
3153 1602 3472 1673 vocabulo
3522 1610 3660 1693 jam

2080 1705 2338 1785 recepto
2394 1695 2742 1765 indicamus
2809 1698 3480 1790 circumscriptionem,
3551 1730 3656 1795 ge-

2079 1806 2273 1881 stum,
2318 1799 2628 1881 habitum,
2675 1798 3033 1889 cultumque
3070 1805 3432 1893 signorum,
3495 1831 3657 1898 quae

2082 1900 2293 1967 omnia
2352 1902 2524 1971 varia
2596 1911 2829 1984 aetate,
2917 1905 3233 1993 variisque
3302 1909 3486 1978 locis
3529 1933 3658 1980 ma·

2078 2022 2363 2089 gnopere
2442 1999 2692 2068 differre
2778 2014 2925 2071 sunt
3006 2019 3344 2096 comperta.
3477 1994 3658 2081 Haec

2084 2104 2337 2191 quidem
2437 2100 2796 2171 discrimina
2879 2118 3102 2195 suapte
3185 2132 3328 2177 sese
3411 2111 3660 2182 homini

2082 2204 2421 2271 tractandis
2508 2205 2711 2270 numis
2800 2205 3064 2276 adsueto
3153 2210 3454 2298 offerunt,
3536 2215 3658 2284 sed

2085 2308 2230 2392 quia
2273 2305 2523 2393 longius
2567 2306 2737 2373 istud
2779 2316 3022 2397 tempus
3066 2310 3377 2399 postulat,
3450 2338 3658 2406 neque
3785 2398 3798 2411 ἰ

2085 2408 2380 2477 omnibus
2436 2406 2519 2477 ad
2577 2430 2792 2475 musea
2834 2409 3158 2480 liberalius
3202 2415 3504 2485 instructa
3545 2417 3656 2486 ad·

2080 2510 2203 2576 itus
2272 2519 2475 2597 patet,
2547 2519 2616 2577 ut
2687 2512 3181 2630 experimentum
3247 2539 3472 2609 capere
3531 2521 3656 2610 ipsi
3749 2516 3758 2521 ’

2083 2611 2370 2700 possint,
2434 2610 2516 2677 ad
2577 2615 2789 2699 operis
2831 2616 2954 2681 mei
2999 2612 3344 2689 institutum
3386 2623 3655 2708 pertine·
3707 2670 3722 2685 ,

2081 2736 2152 2779 re
2194 2713 2438 2801 putavi,
2502 2713 2870 2783 utilissimae
2921 2716 3106 2803 hujus
3160 2720 3517 2807 doctrinae,
3591 2735 3656 2791 et

2082 2815 2167 2882 ad
2251 2814 2477 2882 multas
2557 2838 2774 2884 causas
2860 2819 3222 2906 profuturae
3294 2831 3656 2916 proponere

2080 2926 2448 3005 praecepta,
2553 2938 2714 3006 quae
2800 2913 2998 3006 longo
3070 2936 3362 2995 monetae
3424 2930 3653 2998 veteris

2079 3041 2201 3088 usu
2268 3019 2418 3085 satis
2487 3040 2526 3084 a
2578 3040 2680 3100 me
2734 3023 3174 3109 comprobata,
3263 3029 3652 3098 confirmata·

2078 3143 2201 3209 que
2243 3120 2551 3205 intelligo.

2246 3223 2588 3289 Enimvero
2644 3222 3131 3310 Barthelemius,
3214 3229 3283 3294 in
3340 3228 3504 3298 hoc
3522 3239 3652 3300 stu·

2077 3325 2326 3392 diorum
2396 3344 2625 3414 genere
2684 3346 2930 3412 semper
3002 3350 3143 3394 cum
3212 3329 3461 3400 honore
3533 3355 3650 3400 no·

2076 3424 2439 3508 minandus,
2526 3436 2670 3522 ante
2715 3449 2958 3500 annos
3044 3432 3400 3532 complures
3472 3457 3650 3523 argu·

436 3557 577 3606 non
635 3537 992 3652 proximum
1007 3583 1027 3616 ,
1111 3542 1321 3603 tamen
1391 3532 1602 3623 quoad
1662 3536 1844 3617 eJ'us
1874 3531 2011 3600 fieri
2074 3540 2349 3597 mentum
2404 3528 2576 3597 istud
2627 3531 2838 3617 coepit
2888 3527 3156 3600 tractare
3209 3534 3379 3602 edita
3417 3537 3649 3626 insigni

432 3640 706 3730 'poter-it,
795 3638 1218 3754 propinquum
1303 3649 1787 3705 autonomorum
1856 3644 2044 3702 tem-.
2077 3631 2516 3700 dissertatione
2530 3680 2549 3712 ,
2623 3654 2808 3738 quam
2861 3632 3051 3702 Enni
3104 3635 3281 3706 dms
3330 3640 3650 3727 paldogm-

442 3761 603 3830 pus
596 3741 930 3824 indicare,
998 3740 1334 3828 praecipue
1385 3762 1526 3807 cum
1578 3739 1735 3806 haec
1787 3757 2007 3804 numo-
2066 3738 2210 3820 phio
2304 3740 2750 3820 numi's’mtt‘que
2839 3733 3250 3826 inscripsitffl)
3380 3741 3649 3811 Parabat

322 3887 331 3894 -
444 3863 591 3909 rum
678 3841 894 3924 elassis
981 3842 1341 3942 antiquitate
1425 3841 1702 3930 reliquas
1788 3861 2007 3907 omnes
2074 3838 2393 3906 materiam
2479 3857 2727 3903 omnem
2799 3836 3045 3905 duabus
3118 3843 3400 3929 partibus
3476 3867 3648 3912 com·

440 3941 792 4012 antecellat.
2072 3939 2267 4029 plecti
2286 3989 2307 4023 ,
2376 3960 2633 4029 quarum
2685 3940 2888 4027 prima
2941 3941 3153 4029 ageret
3177 3939 3276 4010 de
3316 3964 3649 4015 numerum

612 4046 789 4134 Ergo
860 4044 1307 4113 deficientibus
1389 4045 1574 4111 certis
1658 4017 2008 4132 temporum
2073 4042 2342 4123 fabrica,
2421 4040 2707 4124 metallo,
2792 4043 3110 4130 pondere,
3199 4047 3646 4133 magnitudine,

432 4146 690 4216 indiciis
785 4146 1190 4217 advocandae
1272 4145 1443 4232 leges
1540 4144 1728 4228 aliae,
1852 4167 2011 4235 quae
2072 4146 2281 4212 forma
2331 4143 2679 4244 literanun,
2766 4155 2831 4211 et
2878 4156 3100 4214 natura
3150 4157 3482 4238 typorum,
3557 4149 3645 4222 al·

428 4251 692 4341 possint
760 4249 1173 4320 desideratam
1252 4248 1468 4315 aetatis
1518 4246 2010 4366 intelligentiam
2075 4257 2210 4315 tera
2272 4268 2423 4334 pars
2492 4247 2596 4312 in
2626 4256 2909 4314 naturam
2969 4260 3259 4319 monetae
3322 4253 3514 4321 variis
3578 4252 3647 4319 in
3725 4247 3735 4256 ’

430 4351 866 4442 suppeditare.
975 4354 1139 4482 Sunt
1178 4371 1331 4420 vero
1375 4349 1723 4433 metallum,
1789 4350 2007 4417 inscri-
2074 4349 2444 4438 regionibus
2508 4347 2786 4438 signatae
2847 4351 3188 4439 inquireret
3244 4345 3424 4420 initio
3476 4352 3646 4423 facto

581 4587 637 4655 e)
683 4590 746 4643 s.
780 4590 841 4642 1„
874 4585 940 4640 'r-
974 4587 1161 4644 xxrv.
1196 4608 1247 4660 p.
1283 4590 1367 4641 so.

3117 4688 3216 4754 r2
