4500 5650
1662 434 2176 577 (ιΑῬνι
2278 487 2431 560 vn
2594 512 2740 589 χ·
3394 470 3597 567 ‘xxxi

380 646 597 739 pridii
620 645 990 715 auctoritate
1028 666 1255 717 numos
1298 648 1478 737 ipsos
1520 644 1713 716 nobis
1742 671 1956 738 super·
2026 670 2251 716 aureos
2313 649 2656 759 generatim
2719 670 2805 718 ex
2868 671 3021 719 auro
3082 653 3324 740 optimo
3400 651 3597 723 fuisse
3697 646 3706 663 ‘

334 760 341 763 ’
383 753 563 819 stites
619 749 1042 838 inspiciamus.
1136 752 1242 817 Ex
1298 749 1534 817 electro
1590 761 1736 819 sunt
1786 752 1962 829 numi,
2025 753 2326 839 signatos.
2477 748 2580 820 De
2664 751 2900 820 Alexio
2989 754 3318 823 Comneno
3403 755 3598 845 refert

328 850 339 855 ’
382 854 673 943 plerique
727 873 946 941 regum
1001 852 1297 941 Bospori
1346 853 1691 937 Cimmerii,
1765 863 1834 921 ut
1896 864 1961 925 et
2027 853 2339 937 zonaras,
2413 875 2556 935 eum
2624 838 2694 922 ια’
2757 876 3090 972 expensas·
3130 867 3452 976 pnonetam
3507 880 3597 926 ex
3709 894 3710 901 ι

356 957 467 1039 11,
534 957 642 1046 qui
690 955 887 1042 vulgo
904 954 1387 1023 *Panormitanis
1431 955 1810 1038 tribuuntur,
1867 966 1963 1039 ty·
2030 956 2391 1044 aequalibus
2443 957 2580 1038 auri
2635 966 2740 1025 aut
2787 958 2949 1025 aeris
3001 958 3288 1046 partibus
3335 961 3596 1029 mixtam
3661 956 3667 983 ³

385 1081 475 1149 po
498 1059 677 1148 equi
709 1058 931 1129 stantis
979 1056 1082 1125 vel
1125 1056 1389 1145 palmae.
1475 1058 1580 1125 Ex
1621 1058 1963 1142 Syracusa·
2029 1054 2474 1146 adsignavisse'.
2619 1108 2630 1117 1

384 1163 489 1228 nis
532 1160 786 1228 electrei
831 1168 976 1230 sunt
1017 1159 1237 1227 minuti
1274 1159 1401 1242 illi,
1461 1161 1569 1249 qui
1620 1183 1744 1229 una
1782 1170 1960 1250 parte
2521 1160 3096 1229 ARGENTVM.

343 1284 361 1338 ,·
384 1273 576 1352 33Ριιι
625 1261 979 1358 Apollinis,
1049 1262 1255 1328 altera
1305 1261 1569 1345 lyram,
1605 1263 1707 1333 vel
1762 1264 1956 1353 tripo-
2226 1261 2505 1349 Agemus
2558 1265 2822 1351 primum
2880 1263 2962 1329 de
3012 1272 3271 1362 argento
3318 1265 3591 1357 Graeco·
3635 1218 3656 1229 h
3765 1300 3778 1367 '.

384 1364 531 1432 dem
598 1364 932 1443 exhibent,
1004 1364 1163 1431 alius
1240 1366 1492 1449 maximi
1559 1364 1801 1433 moduli
1857 1367 1953 1432 Si·
2014 1374 2201 1445 rum,
2234 1361 2466 1431 deinde
2507 1365 2954 1433 Romanorum.

384 1465 499 1536 des
551 1466 963 1556 Pamphyliae
981 1514 1001 1548 ,
1076 1487 1260 1554 quam
1312 1467 1489 1550 vide,
1572 1489 1705 1551 non
1771 1469 1957 1561 pauci
2229 1466 2612 1534 Graecorum
2684 1468 3012 1535 monetam
3060 1465 3242 1550 inde,
3314 1489 3398 1535 ex
3462 1491 3591 1565 quo

379 1580 845 1687 postremorum
910 1567 1169 1635 orientis
1238 1569 1723 1675 imperatorum,
1778 1576 1952 1659 prae'-
2020 1563 2192 1633 feriri
2279 1569 2552 1657 coepit,
2630 1568 2823 1638 fuisse
2877 1578 3148 1645 ι3ιιιιιιιι
3217 1582 3590 1658 argenteam,

381 1673 609 1765 cipue
627 1665 833 1760 gentis
888 1664 1263 1745 Gomnenae'.
1362 1670 1559 1745 Numi
1621 1673 1769 1740 item
1836 1672 1952 1739 HL
2021 1670 2354 1737 rarissimis
2407 1682 2540 1739 tum
2590 1673 2797 1751 adhuc
2855 1674 3055 1741 aureis
3071 1720 3091 1754 ,
3158 1670 3364 1740 obiter
3433 1673 3594 1743 dixi·

380 1758 623 1842 formae
637 1824 656 1857 ‚
751 1775 859 1863 qui
933 1772 1164 1841 Gallici
1238 1782 1563 1891 putantur,
1640 1774 1955 1864 multique
2020 1791 2158 1837 mus
2212 1764 2418 1861 capite
2471 1774 2546 1853 1.,
2614 1784 2680 1841 et
2730 1775 2911 1841 infra
2951 1773 3265 1863 prolixius
3336 1773 3592 1845 docebi-

382 1876 631 1945 barbari
686 1879 822 1962 ejus
876 1875 1156 1962 generiS,
1230 1875 1337 1963 qui
1392 1876 1464 1940 in
1514 1875 1715 1943 Dacia
1775 1898 1953 1965 repe·
2019 1893 2169 1941 mus
2209 1877 2416 1963 capite
2468 1876 2644 1944 VIII.
2705 1879 2987 1945 Graecos
3027 1886 3396 1975 argenteos,
3463 1894 3592 1967 quo
3627 1930 3636 1939 ,
3697 1968 3706 1973 ἱ
3741 1946 3746 1951 .
3823 1892 3838 1906 ‘
3963 1864 3980 1879 ’

381 1979 643 2047 riantur.
730 1974 928 2045 Addit
966 1976 1276 2047 -Jobertus
1316 1998 1562 2044 ammos
1618 2000 1833 2066 regum
1884 1981 1953 2045 in
2019 1984 2165 2041 sunt
2207 1977 2624 2064 antiquiores,
2690 1987 2866 2044 tanto
2935 2000 3075 2044 esse
3140 1979 3380 2063 argenti
3441 2002 3590 2068 pro·

320 2140 331 2147 .
388 2079 577 2148 Italia
620 2079 1059 2159 Gothorum‘).
1144 2071 1257 2145 En
1280 2078 1409 2146 tibi
1448 2083 1686 2164 justum
1732 2101 1950 2146 numo·
2017 2075 2247 2159 bioris,
2313 2079 2634 2177 magisque
2686 2078 2899 2167 nitidi,
2967 2080 3108 2167 ipsa
3161 2078 3356 2149 docet
3398 2103 3589 2172 expe·

382 2205 525 2250 rum
566 2205 643 2250 ex
705 2182 834 2248 hoc
887 2179 1144 2248 metallo
1197 2201 1539 2251 numerum.
1622 2181 1956 2272 Reliquum
2020 2179 2288 2263 rientia,
2370 2200 2575 2268 neque
2644 2126 2996 2249 hactenus
3019 2203 3058 2247 a
3132 2184 3334 2250 mimis
3409 2184 3603 2304 ipsis,
3653 2210 3662 2217 ·

382 2288 644 2353 examen
685 2286 908 2352 iterum
958 2285 1027 2350 in
1070 2306 1171 2353 me
1221 2305 1358 2350 non
1405 2285 1677 2372 recipie,
1745 2285 1954 2353 sintne
2022 2298 2182 2369 quos
2241 2283 2723 2353 remotissimum
2777 2306 2999 2389 aevum
3051 2284 3242 2352 nobis
3303 2309 3438 2354 non
3495 2290 3588 2357 in·
3675 2316 3688 2325 ⁷

379 2388 551 2455 numi
603 2386 857 2455 electrei
910 2386 1137 2473 signati
1200 2396 1566 2474 propterea,
1638 2387 1819 2476 quia,
1882 2398 1955 2457 ut
2019 2382 2202 2466 vidit,
2294 2384 2648 2451 confirmari
2720 2385 2886 2470 vidi,
2972 2386 3148 2476 quod
3220 2396 3390 2456 teste
3463 2392 3589 2460 De-
3649 2456 3654 2461 ,

380 2510 601 2583 supr&
627 2487 802 2572 dixi,
890 2510 1106 2557 aurum
1177 2487 1257 2555 ab
1335 2498 1643 2574 argento·
1662 2508 1952 2576 separare
2017 2474 2351 2571 most-hene
2391 2487 2748 2587 adfirmavit
2792 2480 3001 2557 Solon
3051 2488 3591 2576 legislator,esse

312 2662 321 2675 ,
378 2613 513 2661 ιιοιι
571 2601 884 2661 noverunt
945 2601 1190 2663 veteres
1210 2639 1231 2674 ‚
1318 2594 1401 2658 an
1464 2576 1548 2657 ex
1612 2591 1948 2680 proposito
2018 2589 2299 2658 civitates
2362 2604 2496 2657 non
2557 2612 2819 2689 paucas,
2881 2612 3042 2689 quae
3100 2593 3458 2680 propalam
3480 2617 3588 2664 aes
3683 2644 3690 2651 ,
3789 2626 3792 2635 ·

379 2694 599 2785 aliqua'
640 2695 882 2782 argenti
951 2694 1164 2782 portio
1238 2714 1393 2767 auro
1449 2691 1635 2762 fuerit
1685 2695 1944 2762 sociata.
2015 2691 2121 2760 vel
2194 2693 2518 2811 plumbum
2612 2703 2901 2761 monetae
2976 2703 3304 2791 argenteae
3392 2694 3590 2764 admi-

379 2793 749 2876 Verisimile
765 2807 906 2879 est,
965 2818 1004 2863 a
1054 2794 1378 2864 nonnullis
1421 2784 1725 2885 populis,
1753 2779 1982 2886 Ρι33ἶ.
2017 2802 2250 2878 sceant,
2320 2804 2385 2862 et
2434 2797 2528 2864 sic
2579 2818 2715 2864 eam
2768 2793 3223 2882 adulterent⁸)‚
3285 2799 3408 2866 nisi
3457 2799 3586 2886 for-

296 2967 305 2972 ,
354 2901 563 2989 cipue
619 2901 727 2990 qui
781 2900 931 2965 artis
982 2895 1472 2986 metallurgicae
1496 2900 1699 2967 minus
1764 2900 1949 2987 periti
2014 2906 2077 2962 te
2127 2895 2258 2962 hoc
2310 2875 2565 2966 nomine
2617 2898 3001 2966 intellexerit
3055 2921 3282 2967 numos
3323 2877 3585 2990 pellicu-

238 3024 252 3032 ·
381 3002 589 3085 fuere,
656 3001 740 3069 ad
796 3001 1156 3088 signandam
1221 3001 1549 3087 pecuniam
1601 3000 1949 3069 adhibitum
2012 2996 2201 3080 latos,
2259 2996 2342 3064 de
2384 2998 2613 3087 quibus
2655 2999 2825 3066 alibi.
2909 3001 3034 3067 Ει
3053 3022 3209 3070 vero
3267 3001 3376 3070 diu
3427 3004 3586 3076 haee
3759 3045 3814 3064 --t
3893 3069 3898 3080 ,

382 3115 661 3198 aarum,
706 3103 886 3192 quale
937 3127 1019 3172 ex
1073 3102 1311 3173 fodinis
1364 3103 1483 3170 fuit
1526 3113 1794 3186 emtum,
1862 3104 1946 3170 si·
2009 3101 2077 3168 in
2118 3100 2321 3168 numis
2364 3101 2622 3188 Graecis
2664 3102 2799 3169 sive
2836 3123 3092 3192 regum,
3143 3104 3282 3170 sive
3337 3103 3585 3173 urbium
3650 3123 3704 3179 f
3757 3123 3765 3135 ·
3873 3094 3878 3101 ⁹

332 3233 341 3242 ·
376 3230 460 3277 ve
513 3228 767 3295 purum,
838 3208 971 3275 sive
1038 3206 1607 3297 quomodocunque
1663 3199 1946 3275 mutum.
2011 3203 2251 3290 argenti
2306 3203 2591 3293 probitas
2645 3201 2906 3271 duravit.
2969 3198 3172 3278 Soli
3200 3205 3427 3314 Syriae
3484 3229 3581 3274 re-

376 3309 440 3380 A
503 3308 829 3394 nonnullis
904 3319 1111 3384 tamen
1176 3312 1361 3379 etiam
1420 3308 1701 3398 aliquid·
1718 3309 1953 3376 datum
2010 3327 2120 3393 ges
2185 3327 2325 3372 eam
2387 3297 2682 3374 maturius
2745 3316 3185 3396 corruperunt3
3261 3308 3405 3375 nam
3464 3327 3581 3398 po·

376 3409 569 3480 fuisse
622 3412 940 3495 instituto,
1009 3412 1244 3501 colligo
1304 3435 1387 3481 ex
1429 3413 1632 3522 numis
1675 3412 1942 3496 Syracu·
2010 3409 2383 3478 saa-embnnn
2449 3423 2680 3496 regum
2713 3411 3036 3500 „largentei
3116 3432 3256 3478 cum
3328 3425 3581 3499 praece-

380 3536 708 3598 sanorum,
756 3516 897 3604 qui,
941 3517 1063 3585 etsi
1103 3537 1328 3583 numos
1368 3509 1502 3586 sive
1542 3517 1943 3599 autonom'os,
2009 3511 2287 3581 dentium
2339 3512 2542 3590 numis
2598 3514 2966 3600 comparati
2994 3514 3229 3601 pejoris
3283 3535 3426 3582 esse
3464 3537 3581 3583 no·

298 3691 321 3712 ⁸
379 3619 512 3686 sive
586 3637 841 3686 suorum
912 3639 1127 3706 regum
1209 3617 1787 3707 praefectorumque
1863 3639 1948 3686 ex
2014 3626 2114 3684 tae
2167 3601 2352 3683 facile
2403 3616 2871 3735 copvineuntur.
2974 3615 3344 3683 Caesaribus
3402 3618 3581 3688 orbis

384 3719 715 3806 purissimo
797 3717 951 3788 a'uro
1029 3722 1374 3803 cuderunt,
1428 3731 1670 3812 tamen
1742 3720 1945 3797 numis
2010 3718 2275 3807 imperio
2327 3721 2544 3806 potitis
2599 3728 2705 3787 aut
2758 3723 3120 3785 cessavere
3135 3717 3324 3788 urbes
3371 3717 3578 3804 Grae·

268 3809 277 3816 ⁴
386 3821 753 3911 nonnullis
726 3872 747 3906 ‚
818 3846 876 3890 v.
922 3843 982 3910 g.
1050 3823 1440 3912 Apollineis,
1519 3845 1679 3910 quos
1746 3822 1943 3918 modo
2014 3841 2125 3887 eae
2195 3819 2380 3888 ferire
2451 3831 2801 3922 argentum,
2892 3829 2998 3890 ant
3061 3819 3224 3888 illud
3281 3824 3582 3909 ignobile
3657 3917 3664 3922 ³

346 3925 736 4036 'memor-avi,
782 3925 1036 3993 nonnisi
1078 3925 1399 3994 electrum
1417 3924 1695 3993 admensi
1737 3935 1899 3992 sunt.
2006 3895 2434 3992 reddiderunt
2482 3915 2759 3990 admixta
2822 3920 3060 3990 metalli
3129 3922 3371 3992 vilioris
3438 3947 3580 4014 par·

574 4001 925 4098 Fueritne
947 4037 1195 4116 praetor
1265 4027 1593 4118 argentum
1654 4036 1947 4096 monetae
2011 4034 2145 4092 te.
2182 4022 2339 4091 Non
2381 4035 2588 4093 tamen
2628 4025 2798 4093 istud
2841 4025 3069 4098 factum
3110 4037 3385 4115 repente.
3447 4029 3577 4096 Ex·

300 4111 339 4140 ⁶
374 4128 595 4197 vetaei
636 4127 861 4200 ann-eae
928 4132 1140 4221 aliqua
1208 4131 1332 4198 alia
1402 4130 1643 4202 vilioris
1709 4130 1947 4198 metalli
2012 4131 2179 4196 stant
2235 4129 2403 4195 enim
2482 4148 2682 4216 usque
2729 4127 2818 4224 ad
2889 4127 3279 4198 Hadrianum
3351 4130 3575 4198 Antio·
3593 4165 3600 4174 -

236 4229 255 4238 “
372 4231 591 4319 portio
654 4222 972 4315 admixta,
1057 4254 1188 4304 non
1255 4255 1518 4311 moror,
1596 4255 1734 4301 cum
1802 4254 1942 4303 cau·
2012 4222 2188 4299 chiae
2244 4230 2471 4314 Syriae
2523 4231 2692 4299 numi
2739 4253 2826 4304 ex
2883 4240 3143 4319 argento
3213 4232 3575 4320 purissimo,

374 4354 451 4400 sa
489 4333 757 4402 instituti
805 4337 1010 4404 nostri
1060 4335 1326 4436 sufficiat
1367 4336 1650 4420 novisse,
1716 4356 1941 4404 numos
2009 4341 2073 4402 et
2126 4332 2406 4420 ejusdem
2456 4334 2880 4421 praestantiae
2913 4344 3083 4406 xsunt
3143 4333 3315 4401 numi
3358 4333 3575 4400 inseri-

504 4543 558 4615 b
592 4552 661 4628 Τ.ι
692 4555 739 4610 ι.·
766 4575 819 4625 p.
852 4553 937 4626 26.
1074 4555 1131 4624 ς)
1167 4559 1287 4612 ιιι.
1324 4519 1603 4612 'moer-e„
1643 4574 1697 4624 p.
1732 4557 1848 4610 sos.
1928 4530 1932 4534 ⁴
3107 4577 3112 4601 ι

442 4650 591 4720 (ναι.
638 4655 714 4721 ι.)
766 4729 779 4741 .
1086 4711 1093 4716 ‚
1780 4623 1793 4694 Ῑ
2456 4674 2459 4677 .
2959 4667 2962 4670 -
3135 4617 3181 4714 ςι
