4500 5650
1601 370 2115 507 Capyi·
2214 403 2396 472 xlx.

382 567 665 631 aetatum
692 605 755 640 ‚-
817 578 901 625 ex
1001 558 1210 627 obviis
1297 561 1677 629 Batavorum
1762 562 1963 627 aureis

383 682 625 743 unum,
650 659 809 726 mihi
851 661 1364 749 conspiciendum
1409 661 1604 733 dedit.
1692 663 1764 730 Si
1809 682 1987 753 ergo?

248 766 261 775 “
384 763 597 831 nostri
660 762 798 827 aevi
863 763 1237 849 praestigiae
1300 775 1615 831 monetam
1678 756 1961 831 nostram

385 876 656 955 potuere
714 863 973 945 imitari,
1046 856 1144 931 an
1206 864 1374 930 idem
1424 867 1492 933 ιιι
1546 866 1668 933 hac
1720 868 1960 934 imitan-

390 967 511 1034 dae
553 974 847 1032 monetae
891 965 1121 1031 veteris
1176 965 1433 1033 licentia
1482 978 1617 1033 non
1665 976 1964 1055 poterunt

391 1068 699 1156 experiri,
753 1068 1089 1154 praecipue
1147 1090 1283 1137 cum
1335 1069 1404 1133 in
1456 1091 1601 1136 raro
1663 1071 1962 1158 quopiam

384 1171 783 1253 numismate„
825 1170 953 1236 hoc
1020 1170 1217 1254 modo
1286 1170 1584 1257 fingendo
1618 1173 1962 1258 .insignem

384 1276 513 1345 sibi
565 1282 889 1362 quaestum
937 1272 1192 1363 videant
1244 1275 1678 1362 propositum?
1779 1275 1955 1340 Cete-

384 1398 527 1459 rum
596 1394 980 1473 magnopere
1050 1372 1381 1466 falluntur·
1416 1377 1543 1443 'viri
1625 1396 1957 1445 numerum

3388 414 3601 469 cxvu

2397 628 2582 693 Numi
2619 620 2941 694 adulter-mi
2968 649 3088 712 per
3109 627 3406 709 fraudem

2633 734 2993 813 modernam.
3062 745 3066 749 ’

2121 588 2143 637 ³
2223 630 2308 694 ΙΙ.

2188 863 2580 935 ,Accedimus
2660 864 2741 932 ad
2821 872 3062 951 partem
3145 864 3296 929 artis
3369 846 3599 931 numis-
3697 854 3722 883 Χ

2030 966 2297 1033 maticae
2350 991 2430 1033 ex
2485 966 2836 1054 praecipuis
2891 986 3105 1046 unam,
3162 986 3321 1052 quae
3373 948 3600 1032 numos
3687 1052 3688 1055 Ἴ

2028 1090 2175 1135 vere
2230 1079 2472 1135 veteres
2539 1092 2577 1134 a
2630 1090 2848 1139 recens
2904 1067 3188 1133 confictis
3245 1067 3601 1135 discernere

2033 1170 2239 1237 docet.
2286 1202 2294 1213 ·

2026 1290 2277 1339 numum
2297 1320 2315 1353 ,
2377 1281 2447 1337 ut
2511 1270 2902 1359 antiquitatis¹
2959 1281 3183 1336 testem
3252 1281 3436 1357 agat,
3459 1272 3603 1358 ‘qui

2025 1375 2225 1461 n'uper
2297 1395 2380 1439 ex
2457 1372 2847 1439 clandestina
2909 1373 3275 1462 impostoris
3350 1372 3604 1441 officina
3663 1424 3668 1429 -

2377 1173 2542 1251 Qua*
2610 1170 2775 1235 enim
2847 1170 3096 1235 ‘mente
3153 1168 3602 1265 advocabimus
3713 1226 3722 1241 ,
3798 1156 3808 1165 ²

383 1486 663 1547 veterum
717 1474 1018 1557 studiosi,
1084 1479 1140 1542 si
1193 1477 1578 1564 existimant,
1644 1478 1835 1544 illatis
1887 1479 1953 1544 in
2023 1475 2314 1543 emersit?
2403 1476 2802 1575 Quapropter
2841 1476 3137 1547 ,omnibus
3177 1475 3285 1558 iis,
3332 1475 3440 1565 qui
3481 1484 3610 1562 aut,

385 1601 671 1653 museum
713 1600 890 1645 suum
932 1578 1134 1645 numis
1189 1580 1561 1664 subaeratis‚
1617 1582 1735 1647 etsi
1784 1581 1979 1659 haud,
2022 1600 2247 1647 numos
2307 1586 2553 1644 veteres
2588 1588 3016 1667 'comparant,
3096 1587 3205 1645 aut
3279 1598 3602 1665 compara·

397 1680 596 1748 dubie
648 1690 886 1763 veteres
935 1679 1355 1766 praestemus,
1416 1692 1549 1748 aut.
1571 1702 1772 1768 gazae⁴
1815 1704 1965 1749 suae
2031 1691 2136 1748 tos
2199 1681 2282 1747 ad
2347 1678 2737 1767 philologiae
2802 1702 3052 1767 causas,
3089 1680 3419 1761 adhibent,
3508 1701 3602 1745 ar-
3699 1756 3706 1765 θ

396 1782 592 1849 fuisse
657 1782 1004 1863 consultum
1072 1783 1337 1864 honori,
1402 1794 1509 1849 aut
1563 1802 1761 1851 verae*
1804 1785 1964 1851 utili-
2033 1793 2390 1869 gumentum
2456 1768 2626 1847 istud
2693 1783 2758 1847 in
2824 1783 3176 1869 praecipuis
3237 1783 3434 1848 curis?
3464 1800 3605 1848 esse

388 1885 537 1967 tati,
623 1888 803 1970 cujus
871 1885 1054 1950 unius
1129 1906 1316 1951 causa
1380 1887 1641 1955 veterisa
1675 1896 1986 1965 monetae<
2026 1885 2258 1967 debet,
2322 1883 2500 1975 illie„
2538 1904 2617 1947 ne
2671 1886 2916 1968 magnis
2971 1872 3322 1975 sumptibus
3376 1904 3603 1950 numos

318 2050 326 2057 .
398 1985 830 2081 supplementa
874 1985 1318 2069 desideramus,
1401 1989 1608 2066 Quam
1651 1989 1814 2054 enim
1859 2010 1964 2052 co·
2031 1987 2231 2053 falsos
2275 1976 2394 2074 pro
2439 1986 2722 2072 genuinis
2777 1988 2843 2051 ιιι
2886 1985 3242 2052 thesaurum
3286 2008 3461 2051 suurn
3511 1988 3602 2055 in·

404 2089 589 2177 piose
643 2088 711 2154 in
764 2089 898 2171 his,
959 2110 1142 2176 quam
1187 2110 1381 2177 prave
1420 2090 1787 2176 plerumque
1829 2111 1974 2177 pec·
2039 2089 2241 2155 ferant
2261 2088 2308 2171 ,'
2368 2089 2466 2153 his
2491 2136 2510 2169 ,
2566 2172 2570 2177 .
2609 2109 2689 2152 ne
2777 2086 3160 2175 antiquitatis
3221 2084 3624 2189 ‘dog-‚trinam

2043 2192 2352 2281 corruptis
2407 2190 2668 2257 testibus
2728 2191 2924 2276 magis
2981 2199 3396 2277 corrumpant.
3499 2191 3604 2257 In-

2042 2293 2344 2360 credibile
2397 2291 2597 2375 dictu,
2659 2314 2842 2379 quam
2901 2312 3089 2378 saepe
3145 2292 3454 2379 utrisque,
3524 2313 3607 2358 ex

2002 2418 2172 2484 .·quo
2240 2386 2443 2462 numis
2511 2392 2826 2461 veteribus
2899 2395 3113 2460 honor
3178 2391 3416 2481 haberix
3464 2415 3606 2460 coe-

2031 2501 2166 2586 pit,
2234 2498 2578 2575 communis
2631 2497 2748 2562 hic-
2788 2497 3086 2584 scopulus
3145 2496 3368 2563 fatalis
3403 2496 3605 2563 fuerit.
3696 2526 3700 2535 ·

2040 2603 2127 2667 Et
2187 2601 2362 2689 quod
2425 2601 2617 2685 longe
2655 2610 2779 2667 -est
2842 2598 3381 2680 molestissimum,
3451 2598 3607 2664 infa-

2040 2704 2157 2769 mis·
2230 2704 2416 2788 hu'Jus
2490 2704 2699 2790 operis
2771 2702 3081 2768 artefactis
3152 2703 3607 2795 praestantiae}

405 2199 606 2256 catum
651 2191 769 2271 sit,
832 2210 1144 2278 quamque
1188 2189 1349 2256 adeo
1393 2189 1593 2257 fallax
1633 2193 1717 2257 sit
1758 2212 1975 2257 eorum

403 2293 479 2359 ιιι
510 2286 912 2380 philologiae
956 2294 1159 2358 causis
1224 2293 1591 2374 auctoritas,
1634 2297 1769 2379 jam
1830 2284 1976 2358 ante

402 2411 519 2461 me·
545 2396 797 2482 experti
842 2403 989 2460 sunt
1030 2395 1148 2461 viri
1191 2394 1445 2476 emditi,
1508 2414 1774 2489 quorum
1816 2416 1974 2462 non·

406 2496 724 2581 nullorum
766 2495 1009 2581 judicia
1063 2495 1287 2577 recitat
1333 2496 1728 2589 Froelichius
1748 2506 1835 2580 ¹),
1912 2505 1976 2563 et

410 2598 662 2665 abunde
723 2599 861 2687 ipse
926 2599 995 2663 in
1052 2598 1358 2689 Catalogo
1424 2601 1622 2666 musei
1684 2599 1974 2667 Caesarei

400 2701 694 2771 indicavi.
748 2728 753 2735 ·
822 2692 1134 2789 Equidem
1168 2724 1331 2771 ιιοιι
1392 2701 1584 2769 semel
1650 2704 1973 2791 experien-

400 2804 495 2882 tia
567 2802 797 2885 didici,
886 2804 991 2870 si
1016 2824 1199 2891 quem
1269 2806 1711 2892 imperatorum
1783 2804 1968 2871 dena-

402 2907 569 2974 rium
629 2905 761 2972 vidi
831 2904 1177 2971 adversari
1216 2908 1563 2974 rationibus
1630 2908 1969 2974 chronolo-

406 3008 601 3096 gicis,
684 3015 796 3072 aut
876 3007 1202 3090 historiae,
1292 3019 1398 3076 aut
1472 3011 1814 3127 cuicunque
1882 3011 1968 3076 ab

354 3168 381 3186 .
403 3111 529 3177 teri
598 3130 851 3189 caussae,
936 3132 1077 3176 eum
1140 3111 1424 3177 instituto
1493 3113 1779 3178 examine
1843 3121 1969 3178 tur-

399 3235 547 3301 pem
604 3213 805 3278 intus
825 3214 1091 3278 animam
1157 3213 1566 3281 abscondere.
1699 3217 1966 3294 Quocir-

402 3337 515 3397 ca,
584 3326 655 3380 ut
718 3336 850 3380 non
911 3315 1109 3414 plane
1148 3317 1616 3404 aspernandam
1670 3327 1825 3404 puto
1879 3318 1967 3383 vi-

400 3412 635 3483 tiosam
698 3417 861 3484 hanc
916 3415 1249 3499 sobolem,
1331 3421 1477 3513 quia
1546 3419 1817 3538 aliquem
1879 3430 1970 3486 ta·

406 3541 550 3602 men
598 3521 818 3608 ‘potest
867 3543 1046 3587 usum
1098 3533 1451 3610 praestare,
1526 3523 1620 3589 sic
1672 3524 1738 3589 in
1792 3522 1969 3589 falla·

412 3623 591 3690 cibus
654 3624 1036 3710 antiquitatis
1101 3626 1366 3692 testibus
1439 3636 1579 3692 esse
1641 3625 1971 3692 habendos
2038 3646 2171 3692 non
2216 3644 2465 3690 omnem
2507 3619 2847 3706 ἀκριβειαν
2890 3621 3232 3704 contulere,
3282 3623 3415 3690 sive
3436 3620 3612 3710 quod

415 3725 717 3806 cordatus
767 3727 1032 3815 quisque
1082 3728 1265 3795 facile
1317 3749 1557 3794 mecum
1599 3729 1971 3820 consentiet,
2038 3727 2182 3814 plus
2242 3730 2421 3811 justo
2489 3724 2726 3791 creduli
2791 3724 3276 3790 communicatas
3341 3724 3465 3792 sibi
3527 3724 3608 3790 ab

392 3826 744 3928 malimque
797 3830 865 3895 in
917 3830 1046 3895 hoe
1100 3830 1383 3919 periculo
1437 3831 1553 3897 niti
1607 3832 1975 3897 auctoritate
2041 3830 2179 3896 aliis
2249 3848 2577 3893 numerum
2640 3826 3096 3928 descriptiones
3162 3825 3449 3912 neglecta
3515 3848 3609 3893 se·

404 3951 747 3997 aeneorum
770 3979 788 4013 ,
889 3954 1152 4020 quorum
1248 3932 1613 4021 plerumque
1697 3935 1976 4002 incorru-
2045 3932 2292 4000 veriore
2334 3931 2480 3997 crisi
2520 3931 2588 3995 ιιι
2630 3952 2791 4017 opus
2834 3950 3012 3995 suum
3054 3939 3366 4016 recepere.
3432 3927 3495 3994 A
3531 3928 3610 3996 si-

384 4034 580 4121 ,ptior
626 4031 859 4114 fides,
879 4056 1067 4122 quam
1116 4046 1580 4122 argenteorum,
1642 4039 1750 4125 qui
1794 4059 1980 4104 causa
2046 4033 2177 4101 mili
2247 4033 2432 4122 culpa
2499 4033 2829 4112 immunem
2889 4037 3024 4100 non
3079 4031 3272 4099 fuisse
3324 4052 3611 4126 magnum

399 4133 652 4203 metalli
736 4136 930 4223 magis
1014 4138 1433 4228 impostorum
1509 4140 1849 4212 avaritiam
1897 4141 1977 4209 ir-
2047 4136 2494 4226 spanhemium
2516 4184 2535 4217 ‚
2613 4138 2800 4222 jam
2814 4132 2953 4201 aliis
3017 4134 3134 4206 fuit
3195 4135 3609 4202 observatum.

398 4239 696 4307 timere.
2049 4243 2256 4320 Quam
2340 4238 2604 4305 densum
2691 4213 3032 4308 damnosae
3102 4237 3310 4326 plebis
3391 4256 3610 4322 agmen

2037 2826 2282 2872 morum
2342 2806 2524 2871 etiam
2583 2806 2856 2872 virorum
2909 2804 3145 2885 libros,
3209 2814 3337 2871 tum
3393 2815 3457 2872 et
3510 2828 3604 2872 ca·

2035 2909 2322 2994 talogos,
2413 2907 2520 2994 qui
2587 2908 2854 2972 maxime
2930 2905 3358 2974 studiosorum
3415 2908 3606 2974 mani-

2034 3011 2154 3078 bus
2207 3008 2575 3089 volvuntur,
2615 3007 2915 3075 -videmus
2975 3006 3382 3092 inquinatos„
3449 3010 3607 3092 Ejus

2035 3113 2198 3179 labis
2240 3111 2454 3199 'culpa
2516 3111 2583 3175 in
2643 3110 2825 3198 ¹ipsos
2893 3104 2992 3175 est
3043 3101 3331 3177 auctores
3394 3095 3605 3177 confe-

2034 3214 2264 3296 renda,
2319 3214 2452 3280 sive
2506 3212 2680 3301 quod
2733 3212 2830 3277 illi
2886 3211 3217 3295 scientiae,
3283 3233 3441 3299 quae
3496 3234 3606 3278 nu·

2004 3339 2175 3400 ‚mos
2219 3307 2464 3405 probos
2508 3337 2548 3384 a
2588 3314 2764 3380 salsis
2811 3313 3166 3381 discernere
3197 3307 3430 3396 ’docet,
3475 3335 3608 3380 non
3672 3394 3676 3398 .

2039 3443 2209 3503 eam,-
2267 3429 2480 3507 ‘quam
2560 3425 2956 3504 oportuerat,
3048 3439 3305 3506 operam
3371 3419 3608 3506 impen-

1850 4397 2086 4409 ——n-—o

540 4432 815 4526 221.0.‘

638 4641 669 4671 '-

102 5277 105 5294 Ι

628 5363 629 5372 ,

536 5557 557 5560 ι,
632 5545 651 5560 ι·
696 5553 791 5560 Q
896 5557 937 5560 ⁷⁴

2041 3523 2297 3603 derunt,
2369 3525 2504 3588 sive
2570 3518 2744 3606 quod
2811 3517 2892 3583 ad
2957 3540 3286 3587 numorum
3347 3541 3610 3586 examen
3705 3541 3734 3556 ⁸
