4500 5650
868 532 1106 618 cxm'r

870 686 910 773 a
968 704 1355 789 Cyrenaica,
1396 778 1405 785 ,
1445 717 1509 774 et
1561 708 1926 777 continuato
1982 710 2207 779 itinere
2260 728 2447 778 voca-

869 811 954 875 tis
1009 808 1081 876 in
1136 830 1400 876 examen
1442 812 1645 877 numis
1689 811 1944 894 Syriae,
2000 812 2193 879 Asiae
2228 806 2444 890 mino·

870 910 960 976 ris
975 959 993 992 ,
1062 911 1370 979 Graeciae
1426 912 1759 1013 propriae,
1826 890 2167 979 insularum
2198 912 2444 978 Archi-

870 1008 1108 1099 pelagi,
1183 1020 1247 1078 et
1305 996 1771 1101 mediterranei,
1846 1015 2123 1106 denique
2176 1035 2444 1102 magnae

874 1112 1196 1180 Graeciae.
1287 1114 1524 1181 Verum
1571 1115 1954 1197 dolendum,
2008 1117 2209 1183 virum
2262 1137 2441 1203 prae·

870 1223 1170 1296 stantem,
1240 1217 1349 1304 qui
1420 1239 1579 1283 unus
1636 1212 1769 1284 sive
1820 1226 2080 1304 propter
2130 1218 2442 1305 insignem

871 1316 967 1382 rei
1018 1316 1247 1382 veteris
1305 1318 1769 1385 numismaticae
1823 1341 2033 1399 usum,-
2119 1320 2253 1387 sive
2306 1341 2441 1386 eru-

876 1416 1135 1483 ditionis
1208 1438 1423 1505 opes,
1485 1420 1691 1501 aives
1738 1441 1898 1508 quae
1969 1419 2092 1493 sibi
2164 1420 2442 1486 omnium

872 1520 1142 1585 maxime
1195 1529 1448 1607 praesto
1503 1530 1678 1603 sunt,
1733 1520 2017 1588 subsidia
2071 1532 2135 1589 et
2185 1522 2441 1599 faculta-

742 1650 787 1705 ᾗ
874 1631 1003 1703 tes,
1058 1621 1384 1709 implendo
1436 1632 1614 1691 tanto
1671 1625 2007 1711 proposito
2063 1645 2178 1711 par
2219 1624 2439 1705 fuerat,

872 1731 1283 1810 posteaquam
1346 1735 1587 1810 partem
1648 1746 1814 1807 em,
1890 1747 2049 1814 quae
2121 1724 2203 1792 ad
2223 1782 2241 1795 ,
2269 1735 2442 1793 vetu-

822 1850 825 1855 ·
873 1825 1184 1898 stissimae
1238 1837 1527 1894 monetae
1569 1826 1865 1894 fabricam
1906 1819 2206 1916 pertinet,
2262 1822 2443 1915 prae-

877 1916 1043 1994 clare
1085 1927 1521 2014 explicuisset,
1577 1931 1645 1995 in
1697 1930 1910 1996 medio
1971 1951 2154 1997 cursu
2214 1929 2443 1996 substi-

874 2029 1029 2095 tisse
1069 2030 1245 2097 nulla
1285 2030 1506 2097 relicta
1547 2051 1662 2119 spe
1704 2031 2014 2121 utilissimi
2035 2031 2221 2117 hujus
2266 2052 2444 2119 argu·

875 2132 1069 2197 menti
1113 2131 1198 2198 ad
1241 2133 1478 2199 exitum
1524 2132 1924 2220 perducendi.
1995 2134 2153 2200 Non
2197 2143 2293 2221 est
2335 2135 2445 2201 mi-

880 2230 949 2296 hi
1004 2233 1278 2313 animus,
1331 2244 1621 2321 coeptam
1673 2257 1710 2301 a
1765 2236 1903 2300 viro
1958 2257 2201 2301 summo
2256 2246 2445 2301 mate·

878 2334 1034 2399 riam
1078 2334 1297 2400 eadem
1342 2330 1675 2420 ἅκριβειᾳ,
1718 2346 2022 2422 tantoque
2064 2357 2269 2402 rerum
2311 2358 2446 2403 ver-

880 2432 1229 2524 borumque
1316 2445 1617 2522 apparatu
1701 2437 2064 2503 'continuare
2092 2486 2112 2517 ,
2242 2455 2447 2523 neque

879 2535 1052 2605 istud
1092 2536 1455 2625 permittunt
1497 2535 1708 2627 fines„
1739 2559 1900 2624 quos
1928 2538 2256 2625 praesenti
2296 2560 2448 2626 ope-1

879 2638 938 2703 ri
986 2638 1268 2726 praefixi.
1366 2638 1679 2727 *Tentabo
1734 2649 1941 2705 tamen
1998 2640 2314 2724 generalia
2364 2640 2446 2706 de

885 2740 1145 2827 singulis
1212 2750 1545 2829 praecepta
1603 2740 1883 2821 tradere,
1974 2741 2197 2828 quibus
2274 2741 2445 2823 olim,

885 2845 985 2914 cui
1048 2843 1193 2930 plus
1236 2844 1403 2908 'otii‘
1447 2832 1661 2924 fixerit,
1750 2843 1833 2909 ad
1897 2843 2246 2931 pleniorem
2313 2848 2446 2929 ejus

848 2945 1317 3013 ·tractationem
1369 2944 1463 3026 uti
1520 2935 1874 3033 opportune
1916 2947 2166 3033 poterit.
2253 2947 2448 3034 Atqui

885 3047 1078 3113 multa
1140 3045 1223 3113 ad
1288 3059 1678 3135 praesentem
1744 3048 1908 3114 hanc
1961 3069 2208 3115 causam
2260 3050 2445 3137 perti·

856 3150 1097 3234 ,nentia
1141 3149 1439 3217 hactenus
1493 3151 1679 3217 variis
1733 3149 1893 3215 locis
1945 3150 2257 3244 prolixius
2303 3161 2448 3234 sunt

886 3251 1211 3339 exposita,
1270 3273 1430 3339 quae
1473 3256 1604 3335 jam
1656 3253 1916 3317 necesse
1959 3273 2090 3317 non
2134 3255 2278 3333 erit,
2335 3254 2444 3318 ite·

885 3373 1023 3418 rum
1094 3373 1620 3433 commemorare,
1707 3363 1772 3419 et
1843 3353 2140 3440 deinceps
2214 3355 2448 3420 omissa

890 3453 1254 3519 brevitatem
1344 3453 1650 3535 orationi,
1775 3454 2169 3543 modumque.
2240 3455 2448 3521 conci·

887 3549 1147 3624 liabunt.
2330 3573 2342 3586 “

1062 3655 1196 3725 Sed
1238 3656 1341 3724 'ad
1407 3656 1823 3748 definiendam
1891 3667 2060 3730 recte
2119 3681 2449 3727 numorum

886 3768 1165 3826 -veterum
1238 3768 1500 3827 aetatem
1572 3769 1826 3847 oportet
1910 3761 2188 3848 epochas
2271 3783 2450 3848 quas·

872 3860 1036 3927 dam
1092 3863 1501 3945 constituere,
1575 3864 1734 3928 intra
1787 3883 1941 3950 quas
1994 3864 2166 3932 numi
2221 3863 2450 3948 singuli

814 3947 829 3964 ⁸
890 3963 1209 4060 verisimili
1266 3965 1532 4052 quadani
1582 3967 1827 4031 ratione
1889 3966 2139 4052 possint
2196 3965 2448 4064 conclu

834 4063 979 4130 adi.
1032 4046 1190 4131 Eas
1247 4087 1327 4131 ex
1371 4067 1605 4150 causis,
1661 4088 1814 4154 quas
1868 4066 2183 4152 dabimus,
2238 4067 2448 4134 statui-

890 4189 1028 4236 mus
1069 4178 1431 4255 sequentes:

1016 4270 1309 4357 &melea
1349 4273 1401 4336 Ι.
1517 4271 1672 4336 Eam
1727 4294 1765 4337 a
1816 4273 2032 4359 primis
2087 4276 2180 4340 rei
2205 4291 2445 4340 mone-

892 4371 1081 4438 tariae
1133 4370 1534 4458 incunabulis»
1582 4375 1841 4460 porrigo
1908 4387 2127 4463 usqne¹
2160 4377 2242 4443 ad
2301 4377 2447 4443 Ale-

888 4473 1194 4544 xandrum
1243 4475 1297 4540 1.
1347 4469 1797 4560 Macedoniae·
1820 4497 2049 4563 regem.
2151 4477 2446 4545 Mortuus

888 4575 943 4641 is
985 4587 1082 4643 est
1123 4575 1364 4648 circiter
1401 4576 1484 4643 ·V.
1522 4568 1601 4644 C.
1646 4584 1792 4648 291.

1804 532 2546 620 PRoLEGoMENA
2578 498 3168 627 'emamus

2685 708 2936 793 &oona
2976 711 3064 775 Π.
3155 704 3313 807 Inde
3354 702 3434 769 ab
3477 702 3847 771 Alexandro
3881 704 3934 771 Ι.
3976 727 4084 770 us-

2515 831 2638 898 que
2709 808 2843 876 fere
2904 808 2987 875 ad
3039 810 3229 876 initia
3247 796 3552 891 Philippi
3602 806 3684 873 11.
3751 806 4125 897 ,Amyntae‘

2512 911 2657 992 filii,
2705 932 2866 999 quae
2910 909 3343 998 complectitur
3385 928 3589 975 annos
3633 907 3876 975 circiter
3921 908 3992 974 C.

2636 1014 2933 1096 Epoclea
2961 1014 3080 1079 ΙΠ.
3166 1010 3269 1076 Ab
3313 1009 3506 1074 initiis
3549 1007 3825 1096 Philippi
3851 1009 3933 1074 11.
3977 1028 4086 1081 us·

2509 1132 2633 1202 que
2686 1114 2770 1180 ad
2834 1114 3042 1182 vicina
3103 1130 3378 1181 eversae
3414 1109 3794 1197 reipublicae
3843 1102 4084 1177 Roma·

2508 1218 2629 1283 nae
2665 1214 3011 1306 tempora.

2684 1320 2936 1404 Epocha
2978 1320 3015 1384 1
3024 1320 3084 1383 V
3171 1314 3234 1383 A
3285 1324 3569 1401 tempore
3621 1296 3906 1381 exeuntis
3957 1315 4083 1380 rei-

2507 1420 2800 1507 publicae
2843 1442 3043 1507 usque
3086 1418 3170 1487 ad
3215 1404 3622 1486 Hadrianum.

2684 1524 2934 1606 Epocha
2988 1525 3050 1587 V.
3166 1520 3268 1587 Ab
3325 1517 3669 1586 Antoninis
3735 1538 3934 1627 usque
3993 1516 4086 1585 ad

2489 1670 2496 1675 -
2511 1622 2885 1690 Gallienum.

2589 1772 2596 1781 ·
2680 1726 3036 1814 Antequam
3088 1723 3466 1811 singularum
3510 1721 3890 1809 epocharum
3933 1721 4080 1788 cha-

2508 1837 2809 1893 racterem
2897 1827 3245 1907 constituo,
3331 1824 3712 1890 monendum
3771 1823 4080 1907 omnino,

2510 1916 2904 2017 praecepta,
2968 1950 3128 2018 quae
3200 1927 3605 2002 dictabimus,
3688 1946 4084 2014 nequaquam

2513 2030 2672 2125 ejus*
2692 2053 2833 2098 esse
2882 2040 3169 2112 naturae,
3237 2038 3308 2095 ut
3352 2029 3518 2099 citra
3548 2024 3798 2094 errandi
3836 2027 4084 2115 pericu-

2512 2132 2642 2199 lum
2697 2133 2869 2201 numi
2925 2155 3142 2200 omnes
3197 2139 3403 2196 certae
3457 2150 3615 2196 suae
3649 2128 3961 2215 epochae,
4015 2138 4088 2197 et
4161 2184 4178 2214 ι.

2511 2254 2644 2300 ιιοιι
2690 2237 2905 2321 potius
2948 2235 3221 2312 vicinae,
3281 2231 3529 2325 possint
3571 2230 3792 2311 inseri,
3857 2242 3965 2297 aut
4007 2224 4112 2299 αι’

2515 2357 2649 2401 ιιοιι
2702 2335 3009 2411 interdum
3051 2339 3261 2420 justae
3316 2334 3444 2401 sint
3496 2330 3822 2398 dubitandi
3883 2334 4081 2399 ratio-

2512 2457 2666 2520 nes,
2725 2438 2825 2502 cui
2868 2438 3080 2524 potius
3134 2435 3417 2524 epochae
3456 2435 3559 2499 hic
3614 2426 3802 2501 illeve
3853 2455 4083 2533 numus

2512 2537 2595 2606 sit
2662 2538 3052 2605 tribuendus.
3181 2537 3595 2625 Nequaquam
3660 2536 3881 2621 nobis,
3958 2558 4081 2605 no·

2515 2651 2802 2728 atraeque
2843 2639 3133 2706 facultati
3186 2649 3426 2705 tantum
3480 2639 3827 2706 tribuimus.
3948 2640 4080 2706 Ve-

2511 2764 2649 2813 rum
2703 2744 2760 2809 si·
2811 2743 3107 2808 scientiae
3167 2741 3562 2857 antiquariae
3608 2740 3884 2828 magistri
3932 2760 4079 2831 per·

2512 2845 2768 2911 missum
2811 2846 2933 2912 sibi
2971 2839 3229 2932 putant,
3287 2866 3396 2911 ex
3412 2841 3599 2911 variis
3641 2843 3894 2911 indiciis
3931 2843 4078 2913 lon·

2511 2968 2597 3032 go
2665 2967 2784 3013 usu
2841 2970 2916 3012 ac
2979 2945 3386 3012 meditatione
3455 2946 3650 3034 captis
3716 2956 4077 3038 statuarum,

2515 3070 2776 3135 operum
2847 3049 3376 3136 anaglyphorum,
3463 3069 3842 3156 gemmarum
3911 3062 4078 3120 aeta·

2512 3160 2638 3217 tem
2681 3150 2994 3236 augurari,
3060 3170 3394 3237 possumus
3419 3160 3503 3214 -et
3546 3151 3666 3216 nos
3709 3154 4081 3238 permissum

2512 3252 2700 3320 nobis
2744 3257 3025 3340 putare,·
3053 3273 3161 3330 ea,
3228 3273 3387 3338 quae
3442 3250 3640 3337 longo
3696 3256 3790 3319 rei
3844 3259 4080 3323 numis-

2495 3356 2770 3420 -maticae
2835 3377 2952 3420 usu
3018 3353 3377 3433 didicimus,
3452 3354 3516 3418 in
3582 3353 3916 3454 praecepta
3965 3380 4080 3432 ‚re-

2519 3455 2758 3541 digere,
2813 3478 2888 3521 ac
2950 3454 3405 3541 majore‘istud
3455 3455 3526 3521 in
3577 3457 3783 3524 numis
3824 3455 4078 3546 fiducia,

2518 3557 2666 3646 quia
2705 3556 2789 3624 .hi
2840 3555 2970 3626 fere
3024 3579 3268 3645 semper
3320 3551 3714 3645 epigraphen
3767 3560 4074 3645 adferunt,
4201 3611 4208 3618 ,

2501 3681 2597 3725 ex
2651 3662 2827 3746 cujus
2882 3660 3015 3724 sive
3065 3659 3380 3726 literarum
3431 3658 3657 3736 forma,
3716 3663 3847 3730 sive
3905 3686 4078 3733 men·

2516 3761 2720 3840 tione,
2779 3782 2912 3862 ‚qua
2975 3761 3042 3827 in
3105 3761 3397 3845 regione,
3466 3771 3572 3826 aut
3630 3764 3785 3829 urbe
3848 3766 4078 3852 signati

2516 3864 2670 3945 sint,
2749 3862 2977 3928 eximia
3042 3883 3231 3949 saepe
3292 3867 3560 3954 possunt
3620 3868 3871 3951 auguria
3930 3873 4090 3961 capi

2516 3966 2598 4032 ad
2627 3964 3058 4031 definiendam
3081 3964 3330 4031 certius
3376 3985 3600 4031 eorum,
3633 3977 3912 4076 aetatem.

3027 4169 3154 4236 ΕΡ
3171 4172 3437 4237 OCHA
3489 4173 3556 4277 κ1.

2557 4327 2614 4390 A
2652 4329 2865 4409 primis
2916 4329 3009 4390 rei
3045 4329 3400 4410 mqnecaemhe
3441 4325 3808 4392 acommbuln
3846 4351 4034 4415 nequo

2637 4432 2724 4492 acl
2762 4430 3165 4500 Aleoemzdrum
3195 4428 3245 4491 Ι.
3293 4426 3676 4509 Macedoniae
3715 4449 3938 4513 regem.

2713 4579 2870 4662 Ejus
2915 4562 3302 4646 characteres
3346 4585 3519 4642 sunt:
