4500 5650
1629 444 2144 542 cAPvr

438 631 544 698 cit.
632 630 742 697 Sic
785 648 1011 727 numos
1059 636 1331 713 11,12‚
1383 635 1495 711 13,
1547 588 1660 713 14,
1710 637 1790 703 15
1836 629 2012 699 tabu·

346 764 365 772 ·
432 733 541 799 lae
589 730 886 801 XCVIII.
951 734 1037 800 ait
1089 736 1311 820 captos
1365 755 1402 799 a
1456 732 1703 801 Paruta.
1805 736 2011 814 Quam

382 924 385 925 ⁷
432 856 707 923 pronum
742 844 916 918 est,
980 833 1237 903 credere
1291 835 1593 902 lectorem
1658 854 1792 901 nou
1857 837 2007 903 satis

439 946 776 1024 attentum,
834 959 947 1004 eos
1002 959 1255 1026 quoque
1311 958 1351 1002 a
1391 937 1618 1007 Paruta
1660 937 1834 1005 visos
1878 934 2007 1004 edi·

436 1026 668 1127 tosque
727 1036 958 1106 fuisse?
1064 1042 1151 1107 At
1206 1039 1544 1128 inquirenti
1599 1038 1782 1107 facile
1837 1049 2007 1127 pate-

427 1142 563 1223 hit,
610 1163 725 1209 ees
770 1162 989 1208 omnes
1034 1163 1072 1206 a
1115 1141 1340 1209 Paruta
1381 1162 1465 1210 ex
1512 1143 1769 1211 Goltzio
1815 1142 2007 1209 fuisse

438 1253 681 1332 captos.
818 1244 1179 1315 Consultius
1226 1267 1393 1332 -ergo
1448 1246 1678 1328 fuerat,
1740 1246 2009 1333 primum

437 1368 657 1413 eorum
715 1357 1034 1413 auctorem
1097 1345 1333 1413 efferre.
1445 1348 1609 1433 Ejus
1653 1348 2006 1435 exemplum

411 1444 611 1544 ‚aliud
682 1452 1037 1536 proponam
1097 1449 1163 1514 in
1225 1449 1699 1538 Prolegomenis
1762 1449 1845 1517 ad
1897 1452 2007 1517 im-

434 1558 801 1639 peratorum
864 1574 1122 1619 numos.·
1241 1554 1448 1632 Quam
1513 1553 1682 1621 istud
1748 1575 2010 1620 examen

2244 472 2464 543 xxu.

2083 630 2321 697 Goltzii
2350 678 2368 710 ‚
2461 650 2726 717 quorum
2813 633 3241 723 antiquissima
3325 633 3521 703 editio
3607 660 3647 704 a

2078 733 2401 809 Bandurio
2446 732 2514 798 in
2556 733 2956 801 Bibliotheca
3009 758 3123 803 sua
3177 735 3456 805 numatia'
3498 760 3646 827 pro-

2078 835 2244 901 ditur
2299 857 2402 914 ea,
2479 856 2639 922 quae
2697 837 2894 905 exivit
2944 840 3182 933 Βιιιςὶε1
3227 840 3281 907 F
3283 840 3647 927 laudi-orum

2077 942 2265 1009 1566.
2347 939 2424 1004 Ιιι
2467 938 2566 1002 rei
2623 938 3038 1007 insolentiam·
3066 963 3207 1009 cnm
3249 943 3648 1031 inquirerem,

2079 1041 2313 1106 exitum
2369 1038 2641 1141 ‘tandem
2718 1044 2922 1129 reperi
2999 1043 3164 1121 lecta
3233 1044 3644 1132 praefatione,

2078 1163 2238 1228 quae
2320 1150 2417 1207 est
2489 1142 2732 1229 ⁴pagina
2816 1148 2915 1219 65.
3002 1146 3225 1212 citatae
3315 1147 3642 1229 editionis,
3713 1194 3724 1199 -

2077 1252 2332 1309 auctore
2372 1244 2518 1330 ipso
2564 1242 2632 1309 in
2675 1245 2840 1310 hanc
2883 1247 3254 1313 sententiam
3299 1249 3640 1318 scribente:

2073 1348 2536 1413 Nouoi-eom
2613 1360 2784 1431 posce
2868 1353 2969 1415 nel
3043 1358 3317 1433 pre-reme
3401 1362 3645 1421 truttam

2076 1454 2228 1517 deuo
2282 1461 2504 1517 monete
2558 1454 2866 1537 lefigure
2915 1458 3243 1538 diquellffi
3301 1486 3724 1518 ——--.

2071 1556 2840 1641 pere-ssersilefig-un,
2908 1558 3050 1621 eli
3115 1560 3351 1641 ‹Ii-regni
3407 1561 3670 1635 dieses,

3359 524 3362 525 ν
3470 493 3648 546 cnm

439 1673 639 1741 saepe
688 1654 840 1719 mihi
890 1653 1075 1721 fuerit
1126 1655 1492 1736 molestum,
1555 1665 1620 1722 et
1672 1655 2007 1743 impedive·
2074 1660 2374 1739 stampati·
2417 1660 2609 1740 questi
2665 1661 2814 1723 anni
2870 1660 3095 1731 miliaro
3156 1664 3239 1725 da
3304 1661 3639 1740 ALTRUI,
3687 1706 3696 1713 ,

438 1756 529 1822 rit
569 1776 986 1843 progressum,
1030 1779 1301 1846 pronum
1345 1766 1441 1824 est
1482 1757 1848 1845 intelligere.
1924 1758 2009 1824 At
2074 1759 2270 1823 dendo
2342 1768 2634 1840 potrmmo
2717 1758 2817 1841 gli
2896 1760 3158 1827 Ιιαοηιίπί
3215 1764 3429 1829 havere
3491 1786 3639 1829 eom·

438 1857 663 1925 saltem
725 1881 865 1926 eum
928 1859 1078 1927 inde
1138 1860 1393 1949 percepi
1448 1860 1741 1941 fructum,
1831 1859 2006 1949 quod
2070 1863 2430 1927 ”nodorum
2524 1863 2614 1924 tal
2697 1861 3016 1947 beneficio,
3143 1870 3249 1928 noi
3338 1867 3642 1947 Ῑιᾳῠὸίαπιο

434 1964 709 2031 remotis
736 1962 841 2029 his
883 1973 991 2030 aut
1041 1962 1247 2047 falsis,
1310 1972 1415 2029 aut
1458 1973 1789 2079 suspectae
1840 1964 2006 2052 puri·
2074 1968 2310 2029 sumata
2359 1962 2656 2026 coverchis
2707 1965 2755 2025 il
2795 1962 3083 2027 natorum?
3142 1962 3185 2031 ὰ
3214 1966 3373 2046 fare
3424 1972 3637 2052 quello,

438 2063 589 2130 tatis
640 2066 842 2131 numis
895 2069 1195 2152 majorem
1251 2065 1381 2132 vidi
1426 2066 1605 2151 operi
1647 2087 1789 2133 meo
1835 2087 2007 2135 acce·
2074 2067 2177 2131 che
2227 2068 2310 2128 da
2362 2065 2510 2128 aura·
2560 2062 2594 2129 ὸ
2643 2062 3014 2144 mosetto.
3107 2064 3303 2153 Atqui
3344 2065 3512 2133 bunc
3552 2072 3640 2135 al-

440 2164 596 2233 dere
648 2169 1110 2262 castimoniam,
1172 2177 1235 2232 et
1288 2189 1326 2230 a
1380 2188 1480 2230 me
1531 2166 1823 2231 amolitus
1869 2187 2007 2232 sum
2073 2170 2199 2229 erui
2236 2162 2423 2228 alium
2466 2183 2608 2250 esse
2649 2184 2782 2228 non
2824 2185 3038 2271 posse,
3085 2186 3270 2253 quam
3299 2168 3638 2251 Goltzium,

434 2265 784 2349 invidiam,
893 2279 1187 2356 tanquam
1280 2265 1704 2335 inconsultum
1788 2265 2009 2345 fuisset
2074 2264 2213 2353 quis
2273 2263 2574 2353 ambiget,
2637 2286 2777 2331 cum
2837 2264 2972 2331 no'n
3026 2277 3305 2351 constet,
3389 2292 3640 2359 praece-

434 2388 642 2437 meum
696 2369 779 2436 de
833 2369 1093 2436 Goltzio
1143 2364 1486 2459 judicium,
1570 2367 1746 2456 quod
1799 2364 2005 2435 hacte-
2074 2366 2353 2433 dentium
2442 2366 2931 2453 antiquariorum
3019 2368 3291 2457 aliquem
3367 2382 3476 2440 aut
3509 2450 3514 2455 ,
3545 2384 3643 2441 tot

437 2494 561 2540 nus
610 2471 838 2539 lectori
889 2469 1230 2541 secundum
1295 2489 1513 2537 omnes
1577 2492 1721 2538 suas
1790 2491 2006 2537 causas
2073 2490 2301 2535 numos
2346 2466 2735 2559 consulares,
2797 2478 2903 2536 aut
2943 2468 3065 2541 hos
3107 2473 3287 2560 ipsos
3329 2476 3396 2541 in
3440 2472 3641 2545 lucem

437 2575 776 2669 proposui.
885 2575 1140 2643 Cautius
1196 2573 1569 2645 Vaillantius
1633 2570 2007 2639 Goltzianos
2076 2568 2371 2638 dedisse?
2436 2570 2592 2637 Non
2634 2572 2784 2637 satis
2827 2572 3129 2640 lectorem
3172 2576 3439 2644 erudivit
3468 2580 3641 2646 Eriz-

439 2700 670 2746 numos
739 2697 963 2745 omnes
1027 2677 1095 2743 in
1155 2699 1271 2743 suo
1331 2675 1733 2747 Familiarmn
1814 2695 2008 2761 opere
2075 2693 2216 2753 zus,
2286 2692 2427 2736 cum
2486 2691 2628 2738 eum
2681 2693 2842 2759 vago
2877 2675 3024 2740 hoc
3088 2680 3277 2745 altrat·
3326 2676 3640 2749 vocabulo
3771 2704 3778 2709 *

438 2781 625 2849 litem
669 2780 749 2850 G.
793 2779 1065 2861 notavit,
1122 2777 1458 2847 Morellius
1501 2798 1683 2859 vero,
1736 2786 1805 2842 ut
1848 2775 2008 2842 dixi-
2074 2773 2143 2838 in
2192 2772 2436 2838 incerto
2488 2772 2905 2891 relinqueret,
2979 2779 3226 2848 tametsi
3278 2778 3498 2848 eadem
3549 2784 3641 2851 in·
3701 2857 3710 2866 ἱ

436 2901 616 2967 mus,
661 2905 778 2950 eos
820 2899 860 2948 a
894 2882 1111 2963 certis,
1156 2893 1452 2970 tanquam
1491 2880 1697 2949 libros
1742 2898 2007 2967 apocry-
2077 2874 2248 2940 curia
2311 2896 2445 2942 non
2496 2877 2713 2964 paucis
2767 2899 3014 2961 eorum,
3104 2882 3212 2968 qui
3264 2904 3644 2971 successere,

312 3663 331 3670 -
446 3587 871 3668 Woltereckii
911 3619 1051 3687 pag.
1095 3605 1204 3670 42.

360 2999 369 3004 “
440 2985 620 3074 phos
664 3007 706 3050 a
744 2985 1088 3066 canonicis,
1145 2984 1455 3052 discrevit.

627 3086 867 3153 Primus
885 3133 903 3169 ,
962 3088 1061 3153 cui
1117 3109 1383 3154 mercem
1422 3085 1827 3154 Goltzianam
1868 3082 2007 3148 illu-

440 3201 647 3258 strare
712 3189 1168 3260 commentariis
1233 3189 1499 3278 placuit,
1587 3187 1703 3253 fuit
1761 3183 2010 3252 SEBA·

443 3291 830 3360 STIANVS
885 3292 1275 3360 ERIZZVS.
1381 3290 1518 3356 Jam
1570 3286 1742 3355 istud
1779 3288 2012 3354 ‚docuit

441 3394 785 3463 Morellius
848 3395 916 3460 in
987 3394 1289 3483 epistola,
1378 3413 1564 3481 quam
1621 3390 1702 3462 ad
1757 3390 2010 3458 Perizo-

442 3498 619 3566 nium
681 3497 981 3584 scripsit,·
1051 3506 1115 3564 et
1176 3518 1335 3585 quae
1398 3503 1604 3562 exstat
1653 3495 1723 3582 in
1771 3493 2010 3562 Electis

1289 3599 1374 3665 Et
1430 3619 1583 3664 vero
1638 3597 1791 3664 satis
1842 3595 2011 3664 istud

451 3687 643 3769 docet
722 3704 1073 3791 inspectum
1159 3704 1292 3786 ejus
1364 3700 1484 3766 viri
1558 3721 1747 3787 opus,
1838 3697 2010 3787 quod

452 3807 739 3872 nmmo
809 3829 998 3890 sopra
1069 3809 1151 3872 le·
1187 3805 1494 3887 Medaglie
1556 3806 1723 3886 degli
1780 3804 2021 3869 Amana·

312 3900 319 3903 ’
445 3907 838 3989 inscribitur,
908 3908 975 3996 ip
1029 3895 1159 3995 quo
1209 3906 1483 3994 reperias
1537 3906 1846 3990 insignem
1903 3925 2014 3970 nu·

443 4032 688 4092 merum
742 4029 1072 4082 numerum
1128 4029 1210 4074 ex
1256 4007 1496 4085 Goltzii
1546 4007 1755 4087 Fastis
1802 4016 2013 4093 capto·

442 4135 589 4182 rum
661 4111 919 4180 eruditis
999 4109 1544 4182 observationibus,
1620 4108 2010 4180 illustratum.

446 4215 634 4289 Haec
687 4235 825 4281 cum
856 4223 1051 4294 ,certa
1104 4213 1229 4282 sint
1272 4235 1346 4278 ac
1387 4203 1743 4294 manffesta,
1797 4211 2018 4293 mirum

446 4327 662 4384 tamen
746 4315 976 4399 visum,
1065 4307 1194 4402 quo
1278 4324 1467 4403 pacto
1533 4314 1822 4398 Erizzus,
1911 4311 2019 4398 qui

332 4439 343 4446 ’
446 4416 771 4486 laudatum
836 4440 997 4507 opus
1056 4415 1338 4484 Venetiis
1405 4437 1572 4484 anno
1633 4419 1817 4486 1559.
1889 4412 2015 4479 edi-

274 4571 293 4612 3
450 4519 664 4603 derat,
722 4523 999 4631 potuerit
1039 4518 1369 4608 explicare
1421 4539 1644 4588 numos
1686 4515 2019 4584 Fastorum

486 4617 673 4724 <roi
709 4637 791 4710 I.)
1538 4657 1543 4662 ·

2074 2977 2284 3067 possit
2353 2977 2761 3065 exprobrari,
2851 3001 2934 3046 ex
3019 3002 3148 3074 quo
3220 2981 3489 3070 factum,
3573 2998 3645 3055 ut

2079 3080 2556 3180 Goltzianorum
2651 3081 3084 3148 numismatum
3171 3082 3394 3152 fides
3351 3136 3369 3170 ,
3501 3087 3641 3156 cu'm

2079 3183 2345 3250 aliorum
2391 3204 2643 3271 quoque
2694 3185 3066 3252 testimoniis
3112 3186 3262 3254 satis
3307 3206 3448 3262 esse
3491 3203 3656 3256 con?
3700 3206 3711 3218 ·

2078 3288 2317 3354 firmata
2371 3284 2728 3368 viderentur
2742 3337 2758 3366 ,
2846 3276 3102 3355 altiores
3170 3311 3418 3379 semper
3477 3292 3639 3359 radi·

2078 3411 2183 3456 ces
2240 3398 2466 3476 ageret.
2529 3393 2536 3404 ’
2597 3390 2700 3455 Ex
2757 3410 2886 3477 quo
2942 3393 3248 3481 sequitur,
3315 3403 3436 3486 aut,
3471 3403 3640 3461 vetu-

2077 3492 2336 3559 stiorem
2365 3487 2666 3578 ,aliquam
2723 3492 3039 3568 exstitisse
3093 3493 3428 3564 Fastorum
3485 3496 3639 3564 Gol-

2076 3595 2456 3674 tzianorum,
2483 3592 2851 3676 editionem,
2923 3604 3028 3668 aut
3079 3597 3232 3664 alibi
3285 3619 3428 3665 esse
3477 3604 3667 3667 erra-⁶

2078 3707 2239 3779 tum,
2320 3698 2389 3762 in
2443 3696 2619 3783 quod
2671 3710 2854 3763 nunc·
2888 3698 3206 3786 inquirere
3261 3721 3394 3768 non
3445 3711 3641 3783 vacat,

2083 3798 2197 3866 sed
2250 3818 2509 3872 necesse
2551 3799 2750 3865 visum
2765 3849 2784 3882 ‚
2837 3799 3006 3868 istud
3061 3801 3443 3878 enucleatius
3495 3824 3642 3891 pro-

2080 3921 2351 3990 ponere,
2407 3921 2489 3968 ne
2544 3903 2682 3988 quis
2742 3923 2966 3969 numos
3021 3903 3102 3969 ab
3147 3903 3388 3971 'Erizzo
3441 3906 3642 3993 ex'pli-

2054 4013 2260 4078 „catos
2306 4001 2566 4086 Goltzio
2611 4005 2973 4086 anteriores,
3018 4013 3086 4071 et
3123 4005 3286 4073 adeo
3330 4027 3464 4076 non
3487 4007 3643 4098 Gol-

2084 4103 2328 4187 tzianos
2385 4105 2712 4172 existimet.
2799 4105 2956 4173 Post
2997 4107 3286 4175 Erizzum
3329 4130 3486 4196 grex
3525 4109 3644 4176 fuit
3745 4113 3768 4143 ·’

2085 4218 2408 4278 auctorum
2422 4257 2441 4288 ,
2519 4207 2654 4295 qui,
2730 4229 2869 4274 cum
2927 4209 3167 4286 Goltzii
3219 4212 3646 4278 auctoritatem

2087 4331 2455 4398 quacunque
2522 4308 2644 4378 alia
2703 4313 3016 4396 potiorem
3086 4312 3425 4393 ducerent,
3511 4316 3647 4398 ejus

2087 4422 2438 4480 commenta
2521 4421 2814 4499 tanquam
2899 4435 2939 4478 a
2999 4412 3206 4482 Musis
3281 4413 3512 4480 dictata
3551 4415 3649 4496 „in

2087 4535 2249 4602 opus
2273 4587 2281 4594 ,
2306 4515 2901 4602 ειιιιιιιῆιεοίρειοιιι.
2990 4512 3121 4580 Sed
3165 4514 3373 4584 missis
3417 4513 3518 4588 his
3556 4516 3648 4583 lu-

3207 4633 3250 4685 u
