4500 5650
2589 357 2622 381 ἰ

1561 471 2070 547 CAPVT
2169 476 2354 578 xm.

353 633 707 721 Augustum
772 633 991 699 victis
1036 630 1297 701 aemulis
1391 630 1751 719 paullatim
1802 657 1933 700 om·
2000 636 2204 700 ximae
2247 633 2484 700 formae
2525 630 2675 700 inde
2717 634 2798 701 ab
2844 634 3196 705 Hadriano
3226 645 3388 710 cusis
3428 645 3563 762 ple-

361 758 509 803 nem
592 744 847 801 senatus
932 735 1275 824 populique
1358 745 1731 823 potestatem
1810 735 1934 801 sibi
1999 755 2259 822 rumque
2306 736 2624 805 omittitur.
2715 739 2919 826 Supra
2971 741 3176 829 capite
3216 742 3295 808 V.
3356 740 3569 813 verisi-

362 837 737 923 subjecisse,
782 857 873 909 an
905 838 1266 920 verisimile,
1323 840 1607 905 omisisse
1649 856 1791 905 eum
1821 840 1930 922 Jus
1999 836 2147 902 mile
2188 858 2327 903 esse
2371 832 2536 921 dixi,
2581 839 2749 905 istud
2794 863 3046 930 quoque
3088 865 3416 913 numorum
3460 869 3578 935 gen
3639 837 3646 849 ¹

363 938 705 1026 signandae
746 949 1065 1022 monetae,
1129 939 1332 1027 quod,
1385 951 1455 1008 ut
1504 930 1687 1006 initio
1745 939 1929 1025 hujus
2005 960 2123 1005 nus
2170 948 2421 1007 senatus
2468 939 2724 1019 arbitrio
2767 942 2988 1011 fuisse
3003 944 3368 1031 signatum,
3379 951 3567 1016 omis·

3315 501 3576 555 LXXVII

170 1110 187 1123 ,
303 1078 308 1083 ·
362 1053 654 1109 tractatus
724 1041 1060 1124 diximus,
1178 1043 1651 1109 certissimum
1682 1063 1928 1129 semper
1996 1063 2130 1107 sam
2176 1052 2380 1108 autem
2427 1044 2765 1139 generatim
2808 1056 3022 1112 notam
3058 1048 3124 1111 S.
3158 1049 3252 1127 C.,
3298 1071 3381 1115 ne
3424 1071 3566 1117 cum
3689 1107 3699 1123 ,

362 1166 636 1211 summae
695 1144 763 1209 in
831 1144 1157 1231 republica
1215 1147 1544 1232 potestatis
1606 1166 1924 1231 argumen·
1993 1152 2246 1208 moneta
2303 1141 2620 1217 ordinaria
2675 1146 3180 1216 confunderetur.
3276 1156 3364 1224 At
3419 1162 3566 1219 sunt

356 1255 488 1311 tum
516 1244 657 1311 fuit
705 1243 1023 1311 habitum?
1124 1247 1321 1326 Quod
1372 1250 1426 1313 si
1480 1256 1769 1315 monetae
1818 1269 1922 1313 ne·
1980 1246 2187 1310 etiam
2225 1246 2292 1312 in
2335 1244 2780 1323 illustrioribus
2829 1249 3063 1314 museis
3117 1248 3316 1335 hujus
3343 1251 3563 1319 classis

308 1348 597 1434 'gotium
671 1368 809 1413 cum
884 1356 1104 1415 senatu
1182 1350 1687 1451 communicavit,
1775 1349 1924 1416 sibi·
1993 1345 2304 1429 nonnulli,
2353 1349 2460 1465 qui
2500 1358 2715 1414 notam
2760 1349 2827 1415 S.
2873 1351 2944 1414 C.
2996 1348 3314 1432 addidere,
3361 1357 3563 1437 cujus·
3613 1343 3657 1397 '-

254 1443 271 1449 ’
354 1472 480 1536 que
566 1449 925 1517 metallum
969 1449 1280 1535 nobiliuS‚
1351 1431 1601 1518 viliore
1685 1451 1929 1518 senatui
1995 1450 2176 1515 modi
2219 1450 2320 1518 vel
2363 1451 2432 1515 in
2473 1449 2618 1516 solo
2663 1472 2879 1516 museo
2915 1450 3159 1530 Albani
3193 1451 3409 1518 hab'es
3453 1475 3562 1519 nu·

355 1553 704 1638 permisso,
766 1552 1131 1634 reservavit,
1204 1552 1353 1619 fecit
1391 1553 1562 1619 istud
1604 1554 1925 1643 populari·
1995 1564 2155 1618 mos
2189 1553 2477 1638 finitimi,
2545 1552 2882 1633 Antonini,
2955 1551 3345 1635 Caracallae‚
3415 1554 3563 1621 Ale-
3671 1536 3674 1537 ⁷

354 1661 455 1717 ter
509 1673 609 1716 ac
637 1653 983 1729 moderato
1034 1670 1121 1723 ne
1173 1655 1319 1723 huic
1373 1655 1530 1721 nihil
1572 1655 1926 1743 relinquere
1993 1652 2223 1720 xandri
2243 1655 2481 1736 Severi,
2513 1644 2712 1738 ⁴atque
2747 1654 2870 1718 hos
2911 1654 3072 1719 inter
3101 1656 3283 1719 etiam
3313 1654 3562 1743 aliquos

358 1728 663 1839 pristinae
728 1750 1049 1837 potestatis
1113 1747 1487 1815 videretur.
1542 1757 1805 1814 Eodem
1828 1777 1947 1815 π
1994 1755 2206 1836 amplo
2281 1756 2442 1816 orbe
2501 1752 2914 1842 conspicuos,
2984 1746 3107 1820 auf
3152 1776 3235 1822 ex
3306 1756 3560 1845 duplice

358 1852 697 1969 exemplo
668 1901 687 1934 ,
751 1873 839 1918 ac
884 1860 1142 1939 propter
1200 1850 1507 1917 eandem
1517 1872 1765 1917 causam
1825 1860 1918 1917 to·
1989 1848 2245 1917 metallo
2301 1851 2625 1918 formatos.
2722 1853 2898 1919 Istud
2944 1876 3083 1920 cum
3124 1855 3384 1941 factum,
3446 1860 3558 1925 illa

358 1956 486 2021 tius
534 1953 778 2069 imperii
827 1954 1184 2040 provincias
1247 1955 1408 2021 inter
1473 1976 1543 2020 se
1608 1976 1683 2019 ac
1745 1974 1918 2020 sena·
1987 1962 2141 2018 nota
2188 1952 2494 2019 indicabit
2550 1963 2654 2020 aut
2712 1955 3028 2039 arbitrium
3093 1968 3375 2039 senatus,
3449 1961 3556 2047 qui

363 2068 495 2121 tum
549 2055 641 2121 sic
694 2054 933 2136 divisit,
1010 2063 1109 2139 ut,
1186 2077 1346 2144 quae
1412 2055 1556 2142 plus
1616 2055 1923 2123 haberent
1988 2074 2133 2136 eos,
2179 2054 2300 2120 etsi
2340 2074 2473 2119 non
2513 2056 2581 2120 in
2624 2065 2928 2123 monetae
2954 2077 3171 2141 usum,
3214 2058 3385 2123 feriri
3415 2063 3552 2144 jus·

359 2157 616 2224 roboris
682 2166 744 2222 et
802 2102 1224 2238 auct‘orita’tis,
1290 2180 1437 2224 suas
1502 2179 1643 2224 esse
1708 2156 1917 2240 vellet,
1987 2155 2097 2237 sit,
2143 2164 2248 2237 aut
2288 2156 2617 2227 referenda
2657 2158 2782 2225 erit·
2815 2157 2897 2224 ad
2940 2168 3159 2246 typum
3204 2182 3283 2225 eo
3328 2160 3549 2244 mode,

360 2253 630 2347 reliquas
710 2261 951 2325 senatui
966 2308 985 2341 ,
1071 2259 1437 2347 populoque
1520 2255 1923 2348 permitteret,

362 2383 489 2450 quo
533 2360 788 2450 quidem
830 2362 1114 2428 instituto
1170 2370 1562 2449 praesentem
1617 2364 1800 2429 etiam
1845 2361 1927 2428 de

359 2458 646 2535 inonetae
698 2462 1022 2533 divisione
1088 2473 1334 2531 causam
1397 2464 1741 2551 praeclare
1769 2473 1924 2552 puto

363 2565 681 2637 illustrari.
740 2598 747 2601 ·

531 2669 864 2756 Superest,
924 2674 992 2733 ut
1045 2664 1378 2735 nonnullas
1422 2665 1598 2734 alias
1644 2667 1925 2755 inscripti

360 2772 562 2839 mimis
604 2773 673 2839 S.
719 2768 798 2837 C.
844 2790 1062 2864 causas
1106 2768 1528 2858 expediamus.

530 2874 585 2939 Ι.
669 2872 830 2938 Inde
885 2871 965 2939 ab
1022 2871 1308 2961 Augusto
1365 2870 1705 2958 generatim
1768 2869 1926 2933 haee

361 2982 523 3038 nota
592 2976 824 3051 numia,
904 2974 1039 3058 qui-
1081 2984 1368 3037 monetae
1437 2969 1743 3034 rationem
1813 2968 1923 3035 ha-

362 3073 591 3162 buere,
676 3071 790 3138 fuit
854 3070 1098 3137 inserta.
1211 3071 1330 3136 Est
1386 3079 1593 3137 tamen
1664 3068 1924 3156 aliquod

356 3194 689 3242 numorum
771 3193 998 3258 genus,
1090 3170 1298 3259 quod,
1397 3171 1514 3237 etsi
1602 3172 1977 3237 commatis.

358 3273 528 3343 certe
563 3274 851 3340 Romani
914 3282 1043 3354 est,
1110 3281 1172 3339 et
1237 3282 1517 3338 moneta
1555 3270 1926 3355 indubitata,

358 3388 514 3445 nota
554 3377 625 3444 S.
671 3376 740 3442 G.
787 3382 1147 3441 constanter
1200 3384 1386 3440 caret.
1474 3374 1770 3460 Intelligo
1829 3365 1926 3441 ae-

357 3481 518 3548 neos
558 3478 643 3547 ΙΙ.
686 3476 926 3543 formae
979 3479 1046 3542 in
1089 3474 1328 3542 Tiberii
1370 3485 1623 3541 moneta
1668 3473 1920 3558 obvios,

360 3581 429 3645 in
470 3599 732 3666 quorum
785 3599 1004 3660 aversa
1053 3586 1150 3643 est
1194 3576 1517 3643 Caduceus
1577 3576 1738 3643 inter
1793 3576 1920 3660 duo

368 3680 851 3767 cornuacopiae,
930 3675 994 3745 et
1051 3677 1225 3766 quod
1280 3679 1634 3766 cumprimis
1704 3678 1922 3747 obser-

369 3780 802 3872 vatu.-dignum
817 3830 836 3863 ,
893 3803 969 3846 ea
1012 3795 1263 3869 quoque
1321 3790 1534 3847 carent
1576 3781 1756 3847 aenei
1795 3779 1920 3845 Ve-

364 3883 638 3970 spasiani
700 3893 764 3949 et
836 3882 1211 3965 Domitiani,
1287 3882 1394 3970 qui
1471 3881 1737 3948 eundem
1782 3881 1920 3950 „ha-

360 3985 517 4052 bent
556 3985 790 4100 typum.
860 3985 948 4050 At
988 4005 1141 4051 vero
1186 3987 1319 4070 ejus
1362 3985 1634 4051 omissae
1677 4005 1922 4050 causam

358 4083 554 4152 fuisse
603 4086 737 4150 veri
788 4085 1080 4169 similem,
1153 4087 1305 4174 quia
1350 4085 1515 4152 idem
1568 4084 1674 4151 hic
1722 4096 1923 4174 typus

358 4185 477 4254 fuit
519 4185 876 4286 symbolum
918 4197 1223 4268 senatus,-
1265 4187 1641 4303 populique,
1695 4187 1929 4276 proba-

360 4288 567 4356 bimus
621 4275 959 4376 aliquando
1011 4290 1079 4356 in
1132 4290 1334 4356 numia
1384 4287 1625 4355 Tiberii
1678 4288 1803 4357 ad
1824 4311 1928 4356 an-

362 4410 513 4459 num
554 4390 636 4457 V.
683 4392 753 4457 C.
800 4396 943 4462 775.
1028 4445 1039 4462 .
1614 4435 1627 4441 -

536 4469 619 4556 'IL
708 4489 1930 4560 Eademhaecnotainnumisma·

1996 2278 2122 2342 quo
2182 2279 2336 2324 mox
2401 2258 2664 2325 eandem‘
2733 2269 2947 2337 notam
3011 2262 3213 2326 aureis
3278 2283 3554 2349 quoque,

1978 2360 2429 2448 =argenteisque
2492 2361 2714 2437 numia,
2773 2364 3140 2448 impressam
3199 2364 3596 2451 ‚explicabi·.

1994 2482 2146 2527 mus.
2245 2454 2502 2529 Numos·
2548 2462 2732 2529 Decii
2788 2464 3018 2530 aeneos
3074 2466 3380 2533 maximae
3432 2466 3560 2535 for-

1993 2582 2160 2643 mae,
2244 2584 2484 2652 eosque
2549 2565 2776 2632 obvios
2790 2586 2820 2647 ,·
2893 2569 2997 2654 qui
3025 2621 3036 2633 .
3064 2588 3282 2640 omnes
3346 2578 3564 2636 notam
3673 2586 3678 2595 ·

1995 2666 2062 2731 S.
2103 2664 2172 2730 C.
2215 2666 2594 2751 praeferunt,
2647 2688 2781 2733 non
2822 2688 3057 2751 moror,
3104 2671 3249 2756 quia
3292 2669 3561 2755 dubitari

1993 2787 2123 2833 non
2165 2775 2412 2855 potest,
2445 2766 2578 2836 ‘eos
2623 2790 2832 2850 veram
2874 2770 3070 2839 fuisse
3106 2781 3448 2857 monetam,
3493 2782 3560 2841 et

1992 2870 2142 2932 satis
2187 2879 2455 2948 constat,
2500 2887 2580 2933 eo
2624 2871 2972 2956 imperante
3007 2873 3075 2938 in
3117 2885 3407 2940 monetae
3454 2895 3553 2941 ae-

1990 2987 2147 3032 neae
2197 2966 2482 3055 pondere
2534 2991 2609 3036 ac
2664 2969 2869 3036 forma
2932 2963 3126 3036 multa
3192 2973 3383 3040 fuisse
3445 2976 3554 3041 im-

1995 3078 2244 3136 mutata.
3571 3145 3594 3152 ψ

2166 3170 2279 3235 ΠΙ.
2335 3169 2492 3237 Post
2536 3115 2907 3253 Gallienum,
2952 3179 3021 3239 ut
3063 3170 3356 3255 diximus,
3400 3185 3554 3242 nota

1997 3271 2065 3335 S.
2134 3271 2205 3335 G.
2274 3270 2458 3338 etiam
2526 3292 2609 3337 ex
2681 3282 2931 3337 moneta
2999 3294 3194 3340 aenea
3251 3276 3554 3378 migravit.

1995 3371 2221 3438 Vtrum
2305 3371 2472 3440 istud
2559 3370 2812 3439 factum
2851 3375 3109 3441 arbitrio
3181 3378 3551 3478 principum,

1992 3474 2356 3540 auctoritate
2399 3482 2649 3538 senatus
2696 3478 2829 3559 jam
2872 3487 3002 3542 tum
3044 3477 3176 3544 fere
3220 3467 3549 3561 exstincta,

1990 3596 2071 3641 an
2123 3584 2344 3662 suapte
2398 3574 2745 3641 exoleverit
2800 3597 2985 3659 ususg
3051 3579 3382 3662 incertum,
3448 3600 3552 3647 ne·
3680 3593 3688 3601 '

1991 3698 2114 3763 que
2197 3696 2580 3763 magnopere
2654 3676 3042 3762 laboramus,
3119 3665 3302 3746 cumT
3345 3690 3559 3748 vetera

1964 3779 2231 3844 Romae
2298 3778 2580 3844 instituta
2633 3782 2767 3874 jam
2829 3780 2955 3845 hoc
3025 3802 3181 3848 aevo
3250 3780 3554 3869 pleraque

1990 3880 2378 3962 fatiscerent,
2435 3879 2619 3967 ‘quod
2682 3880 2966 3948 accidere
3029 3883 3122 3947 rei
3170 3884 3594 3952 monetariae.

1991 3983 2324 4071 praecipue
2386 3979 2629 4064 debuit,
2705 3983 2850 4069 quia
2911 3992 3064 4049 tum·
3099 3982 3417 4067 officinae,
3487 3986 3555 4052 in

1993 4085 2217 4173 quibus
2272 4092 2523 4150 moneta
2577 4081 2890 4166 feriretur,
2952 4083 3218 4172 coepere
3284 4089 3351 4152 in
3385 4106 3552 4172 pro-

1992 4186 2214 4252 vinciis
2286 4183 2579 4265 stabiliri,
2658 4207 2798 4251 cum
2835 4188 2958 4271 jus
3018 4186 3186 4254 istud
3258 4185 3554 4255 hactenus

1996 4285 2121 4352 soli
2161 4286 2300 4353 urbi
2342 4288 2712 4374 permissum
2753 4297 2938 4356 esset.
3002 4340 3010 4354 .

2165 4388 2276 4455 lv.
2321 4388 2789 4477 Nonnunquam
2832 4389 2901 4454 S.
2928 4388 2996 4453 C.
3039 4391 3329 4452 monetae
3367 4383 3555 4451 etiam

1994 4510 2217 4558 aureae
2286 4498 2350 4556 et
2427 4498 2754 4577 argenteae
2831 4489 3306 4578 imperatorum
3341 4486 3555 4555 inscri-
