4500 5650
1614 530 2132 640 CAPvfr
2232 546 2328 634 V,

352 723 664 820 maximae
744 702 1003 770 formae
1070 713 1281 781 essent
1336 707 1567 788 attrei,
1657 716 1720 774 et
1787 725 1920 793 non

308 858 321 901 3
352 806 552 875 aenei.
643 804 803 887 Quis
847 805 1012 871 enim
1055 804 1179 873 sibi
1196 806 1607 894 persuadeat,
1653 805 1919 873 Hadria·

324 928 509 973 -num
576 902 941 975 munuscula
1004 906 1149 973 vilis
1216 908 1454 975 metalli
1520 919 1626 976 aut
1698 908 1918 995 elargi-

352 1020 519 1091 tum,
577 1019 684 1076 aut
724 1008 1161 1125 acceptasse?
1205 1009 1362 1091 Vel,
1417 1012 1651 1099 inquit,
1704 1011 1922 1078 inserti
1988 1010 2204 1078 lertia?

353 1110 529 1177 fuere
597 1111 790 1196 signis
860 1106 1257 1192 militaribus,
1346 1134 1529 1200 quam
1604 1117 1951 1203 conjectu-

292 1293 299 1296 *
349 1234 487 1279 ram
527 1211 738 1295 multis
774 1212 1082 1299 posthaec
1113 1211 1409 1281 adrisisse
1443 1214 1630 1283 video
1642 1212 1713 1302 ¹)
1769 1214 1913 1296 Vel,

348 1316 771 1402 prosequitur,
816 1316 1039 1400 signati
1082 1324 1227 1381 sunt
1269 1336 1455 1381 causa
1497 1316 1657 1398 festi,
1706 1315 1913 1382 solen-

349 1417 584 1497 nitatis,
628 1417 1117 1502 congiariorum‚
1165 1415 1620 1485 donativorum.
1709 1420 1945 1497 Quam-

351 1516 642 1605 equidem
676 1520 1080 1606 ‘postremam
1157 1523 1604 1604 conjecturam,
1663 1518 1917 1607 quando

351 1630 589 1701 certam
602 1622 627 1683 .’
654 1627 901 1701 causam
965 1641 1049 1685 ex
1115 1619 1426 1691 veteribus
1505 1643 1720 1688 eruere
1787 1643 1919 1688 non

348 1720 684 1809 possumus
698 1769 716 1802 ,
816 1722 1090 1787 omnium
1144 1774 1157 1788 .
1172 1723 1439 1787 maxime
1524 1723 1919 1791 verisimilem

351 1822 662 1888 existimo.
756 1820 971 1908 Atque
1028 1820 1110 1887 ad
1158 1844 1387 1889 aureos
1450 1823 1624 1910 quod
1679 1827 1915 1905 attinet,

350 1934 587 2019 certum
638 1933 767 2003 est,
820 1922 1006 2008 hujus
1056 1920 1292 1990 metalli
1348 1946 1604 2005 numos,
1658 1925 1773 1993 sed
1827 1928 1914 1993 le·

348 2006 548 2089 vioris
622 2024 835 2112 utique
902 2023 1243 2111 ponderiS,
1317 2026 1509 2092 fuisse
1578 2028 1740 2093 inter
1812 2049 1913 2094 res

208 2174 223 2182 -
350 2106 651 2206 missiles,
719 2145 868 2219 quas
934 2144 1227 2213 spargere
1286 2128 1697 2213 imperatores
1758 2126 1911 2192 infe-

284 2302 297 2307 ,
349 2227 538 2293 rioris
580 2227 714 2292 aevi
764 2228 830 2292 in
870 2247 1173 2315 processu
1229 2227 1471 2295 selenni
1513 2248 1911 2293 consuevere«

344 2326 457 2393 Ait
509 2329 672 2394 enim
724 2327 1104 2396 Justinianus
1116 2329 1216 2414 ““)·
1279 2318 1410 2396 Soli
1460 2340 1676 2397 aarum
1734 2351 1907 2411 epm*-

232 2420 244 2434 “
346 2453 491 2513 gere
560 2434 769 2498 damus
832 2426 1108 2516 imperio}
1184 2439 1290 2496 cui
1356 2435 1472 2497 soli
1531 2436 1707 2496 offam
1775 2454 1906 2495 con·

348 2543 598 2599 temnere
658 2545 933 2616 praestat
977 2533 1277 2615 squ-tunae
1313 2526 1677 2617 fastigium.
1791 2535 1906 2597 Ar-

350 2646 591 2717 gentum
656 2657 824 2712 vero,
885 2634 1061 2725 quod
1099 2656 1235 2699 moa:
1292 2646 1433 2716 post
1492 2655 1706 2700 aunem
1772 2656 1907 2714 pre-

350 2741 721 2803 &nuscanum
776 2747 896 2812 ost,
967 2747 1055 2801 et
1092 2738 1229 2800 alias
1295 2736 1626 2802 consulibus
1694 2734 1919 2818 largiri

347 2841 574 2905 decem.
670 2838 743 2902 Si
796 2837 1049 2921 majoris
1102 2834 1273 2905 fuere
1323 2829 1626 2924 ponderis
1640 2883 1658 2915 ,
1730 2853 1963 2923 quam

348 2938 445 3002 ut‘
478 2936 801 3006 missilium
864 2929 1003 3005 ess'e
1065 2929 1213 3004 loc'o
1273 2938 1654 3024 potuissent,
1726 2936 1913 3022 digna

296 3091 303 3098 ι
351 3048 527 3103 certe
566 3037 740 3104 fuere
780 3060 911 3120 res,
967 3059 1091 3150 qua
1142 3040 1455 3126 principes
1508 3059 1761 3105 suorum
1805 3046 1913 3103 aut

350 3138 574 3217 fidem,
651 3150 755 3208 aut
811 3139 1208 3256 quaecunque
1265 3138 1389 3208 alia
1442 3141 1695 3206 merita
1712 3159 1909 3220 remu-

347 3233 777 3322 iterarentur,
819 3242 926 3329 qui
1007 3263 1145 3308 mos
1220 3241 1537 3327 hodieque
1616 3243 1681 3306 in
1760 3240 1908 3306 viris

283 3351 290 3356 ’
346 3341 731 3459 principibus
800 3343 1058 3417 obtinet.
1173 3342 1344 3421 Quin
1405 3351 1614 3408 narrat
1648 3342 1908 3428 wetego

236 3459 243 3462 ’
346 3465 475 3511 nus
528 3437 948 3526 Turonensis,
1019 3443 1439 3532 chilpericum
1509 3465 1723 3530 regem
1790 3444 1911 3509 sibi

349 3545 741 3614 ostendisse
768 3568 993 3614 numos
1052 3567 1276 3618 aureos
1339 3545 1537 3611 librae
1602 3542 1909 3632 pondere,

318 3641 513 3734 'quos
564 3645 664 3714 5115
722 3646 896 3715 dono
964 3650 1217 3715 miserat
1272 3647 1373 3713 Τί.
1429 3646 1905 3734 Constantinus,

350 3749 442 3829 is,
507 3750 611 3836 qui
667 3749 916 3817 «Iustino
982 3750 1062 3816 ΙΙ.
1127 3758 1539 3830 successerat,
1608 3749 1678 3814 in
1734 3752 1908 3833 quus

352 3871 482 3916 una
531 3860 701 3937 parte
754 3845 887 3920 erat
936 3855 1071 3937 ejus
1124 3846 1516 3938 imperatoris
1581 3849 1906 3935 inscriptio

350 3963 419 4018 et
450 3961 694 4038 ‘caput5
769 3954 836 4018 in
910 3953 1131 4020 altera:
1204 3951 1541 4019 GLORIA
1621 3949 1936 4018 ROMA-

347 4052 709 4144 NORUM,
797 4059 860 4119 et
942 4062 1167 4140 typus:
1274 4051 1613 4142 quadrigae
1699 4052 1910 4117 trium·

346 4155 570 4243 phales
602 4160 677 4236 ⁸).
804 4154 904 4226 De
982 4156 1199 4221 aeneis
1284 4155 1622 4220 maximae
1672 4152 1917 4219 formae

350 4256 665 4323 difficilius
718 4255 1039 4341 judicium.
1147 4255 1251 4344 Si,
1283 4257 1447 4322 enim
1514 4254 1779 4322 cessisse
1842 4255 1912 4319 in

348 4379 606 4424 munera
657 4357 961 4450 dicamus,
1022 4377 1132 4458 cur
1196 4375 1299 4423 ex·
1331 4357 1443 4423 vili
1501 4356 1795 4423 metallo?
1854 4357 1907 4421 si

358 4531 374 4537 ’
492 4547 1320 4649 ι)ἰι...ιτκΧΧνρ.299.

418 4668 672 4741 (rotz)

1400 4555 1403 4560 ’
1456 4563 1768 4660 μηϊικόηιι.
1805 4575 1879 4629 ιιι.
1914 4574 2002 4628 vi.
2037 4570 2069 4641 §
2105 4576 2153 4625 2.

3393 562 3561 620 xvu

1986 705 2061 771 in
2124 672 2490 771 munuscula
2549 706 2722 771 tenui
2776 706 3042 793 popello
3100 707 3554 795 distribuenda,

1989 826 2123 873 cur
2139 812 2314 883 tanta
2355 805 2680 890 elegantia
2712 806 3019 875 elaborati
3062 820 3236 892 sunt,
3296 833 3369 877 ac
3423 811 3553 900 qui·

1989 907 2161 991 dem,
2216 919 2286 977 ut
2337 909 2507 973 numi
2560 896 2826 996 duplicis
2889 910 3153 993 metalli,
3217 908 3391 979 tanta
3449 935 3554 980 so·

2317 1010 2513 1076 Forte
2576 1032 2709 1077 non
2775 992 3154 1115 magnopere
3218 1012 3432 1095 fallar,
3500 1015 3557 1079 si

1986 1113 2332 1179 existimem
2345 1161 2363 1193 ,
2453 1096 2701 1178 senatus
2775 1106 3141 1181 auctoritate
3208 1110 3550 1181 fabricatos

1980 1213 2106 1280 hos
2172 1233 2427 1293 numos,
2488 1234 2629 1291 pum
2700 1234 2817 1299 pro
2895 1202 3289 1301 imperatoris
3350 1216 3552 1282 salute

1981 1325 2131 1381 vota
2181 1314 2436 1401 publice
2492 1314 2850 1399 conciperet
2907 1317 3040 1383 sive
3097 1338 3281 1383 causa
3324 1316 3548 1383 adven-

1981 1425 2115 1496 tus,
2175 1417 2310 1480 'sive
2354 1414 2790 1509 profectioniS,
2856 1416 2994 1482 sive·
3032 1417 3360 1506 triumphi,
3421 1418 3554 1485 sive

1988 1517 2166 1583 annis
2210 1517 2469 1602 singulis
2513 1520 2662 1604 post
2701 1517 3002 1614 lfalendas
3029 1518 3395 1601 ‚Ianuariae-s,
3419 1520 3552 1586 sive

1989 1618 2364 1687 solennitate
2409 1640 2809 1707 ,quacunque
2897 1620 3047 1701 alia,
3137 1628 3556 1711 erogatosque

1986 1720 2238 1807 publice
2282 1721 2348 1784 in
2396 1741 2582 1785 omne
2622 1720 2941 1785 hominum
2985 1742 3212 1807 genus,
3270 1738 3374 1787 ac·
3406 1742 3552 1808 pro-

1985 1832 2199 1908 pterea
2246 1822 2613 1909 exquisitius
2673 1832 2736 1887 et
2776 1826 3013 1908 majore
3067 1845 3213 1889 cura
3268 1823 3550 1889 elabora·
3619 1844 3649 1861 ⁸

1983 1933 2105 1988 tos.
2182 1925 2521 2000 Quocirca
2563 1926 2706 1987 'non
2764 1925 3014 2002 mirum,
3074 1926 3132 1988 si
3171 1926 3364 1997 aenei
3417 1916 3570 2001 iam„
3637 1922 3642 1927 ’

1984 2032 2111 2090 tum
2173 2034 2346 2101 sunt,
2412 2024 2621 2109 quia„
2657 2032 2725 2087 ut
2776 2023 2927 2088 alibi
2981 2020 3269 2105 dicetura
3317 2027 3384 2090 in
3443 2048 3547 2092 aes
3599 2034 3632 2079 f

1979 2134 2215 2191 tantum
2269 2124 2528 2189 senatui
2565 2132 2876 2209 potestas
2889 2122 3031 2205 suit,
3088 2134 3170 2191 et
3207 2128 3439 2193 omissa
3481 2129 3589 2192 in⁴

1978 2225 2077 2290 his
2118 2200 2480 2311 plerumque
2519 2223 2761 2305 videtur
2805 2234 2959 2293 nota
3003 2227 3069 2290 S.
3118 2226 3221 2307 G„
3278 2249 3361 2294 ne
3405 2250 3544 2294 cum

1926 2316 2229 2393 moneta
2270 2334 2501 2391 temere
2544 2326 2961 2391 miscerentur.

2147 2430 2208 2492 A
2250 2427 2570 2492 Romanis
2592 2426 2760 2492 hunc
2800 2450 3037 2494 morem
3082 2430 3373 2503 videntur
3415 2442 3540 2499 tra-

1975 2529 2149 2595 xisse
2205 2530 2443 2595 Graeci.
2537 2529 2811 2594 Etenim
2857 2530 3159 2612 observ0,
3232 2532 3542 2613 Hadriani

1977 2629 2199 2732 etiam
2229 2640 2429 2695 aetate
2503 2629 2668 2714 apud
2735 2630 2857 2696 hos
2925 2633 3226 2699 maximae
3304 2633 3544 2700 formae

1979 2714 2211 2797 aeneos
2254 2732 2423 2805 feriri
2469 2731 2804 2816 coepisse..
2840 2733 3129 2811 Observo
3160 2736 3363 2817 etiam,
3404 2757 3542 2823 per·
3573 2810 3584 2819 ,

1978 2833 2127 2899 inde
2184 2836 2249 2900 in
2304 2835 2401 2898 his
2453 2843 2689 2904 tantum
2754 2855 2971 2900 causas
3035 2822 3386 2922 religionis,
3452 2837 3542 2903 lu·

1980 2933 2326 3021 (lorumque
2369 2956 2446 2998 ac
2484 2936 2730 3000 rituum
2742 2956 3061 3001 sacrorum
3094 2939 3209 3032 agi.
3269 2939 3378 3003 Sic
3399 2957 3542 3004 cum

1976 3037 2197 3115 Iones,
2265 3034 2559 3115 Bithyni,
2616 3034 2895 3101 Thraces
2948 3037 3418 3117 convenissent,
3476 3049 3542 3103 ut
3667 3111 3680 3118 g

1975 3137 2163 3202 rebus
2208 3135 2338 3201 suis
2381 3137 2446 3200 in
2492 3156 2818 3201 commune
2872 3138 3298 3218 consulerent,
3354 3136 3539 3204 offer-

1975 3248 2235 3326 rentque
2298 3237 2597 3303 sacrificia
2665 3257 2781 3324 pro
2847 3238 3084 3323 patriae
3143 3238 3374 3321 salute,
3460 3263 3572 3312 eu·

1976 3341 2089 3407 tibi
2144 3361 2368 3406 numos
2426 3338 2677 3405 maximi
2733 3337 2974 3404 moduli
3022 3361 3158 3405 cum
3179 3333 3541 3429 epigraphe
3625 3399 3630 3404 .

1975 3439 2364 3508 KOINON.
2404 3440 2725 3507 ΙΩΝΩΝ.
2770 3439 2871 3506 vel
2917 3441 3393 3509 ΒΙΘΤΝΙΑΟ.
3437 3435 3543 3509 vel
3593 3486 3597 3490 <
3683 3509 3710 3516 -

1981 3541 2332 3609 ΘΡΑΚΩ
2319 3542 2390 3606 Ν.
2446 3548 2534 3608 At
2562 3540 2918 3628 cumprimis
2951 3542 3075 3608 huc
3107 3542 3339 3609 faciunt
3369 3544 3543 3611 numi

1976 3643 2450 3731 Philippopolis
2498 3644 2840 3728 ,Thraciaez
2896 3641 3069 3709 KOI
3067 3642 3272 3710 NON
3328 3646 3541 3711 ΘΡΑ-

1976 3745 2220 3813 ΚΩΝ·
2259 3742 2953 3817 ΑΛΕΞΑΝΔΡΕΙΑ.
3009 3746 3095 3809 11
3101 3745 3341 3810 ΥΘΙΑ.
3397 3743 3544 3826 ΕΝ,

1983 3843 2697 3926 ΨΙΛΙΠΠΟΠΟΛΙ,
2772 3844 2939 3911 unde
3000 3843 3329 3928 docemur,
3394 3848 3541 3913 insi-

1980 3969 2132 4034 gnes
2177 3946 2299 4013 hos
2341 3947 2595 4022 maximi
2635 3946 2881 4020 moduli
2924 3967 3146 4016 numos
3178 3969 3312 4015 non
3346 3947 3540 4018 fuisse

1978 4051 2259 4137 signatos
2278 4098 2297 4131 ,
2355 4057 2423 4115 ut
2466 4059 2675 4116 essent
2717 4059 3006 4117 monetae
3050 4048 3416 4118 ordinariae
3439 4051 3535 4117 lo·

1979 4174 2080 4233 co,
2167 4150 2281 4217 sed
2346 4151 2679 4219 occasione
2743 4153 2865 4220 acti
2917 4153 3009 4219 ibi
3074 4165 3417 4222 conventus
3481 4163 3547 4218 et

1974 4251 2305 4340 ludorum3
2383 4271 2515 4338 non
2578 4253 2746 4317 enim'
2819 4254 3182 4344 inscriptum
3251 4265 3346 4322 est
3415 4254 3546 4319 ΦΙ-

1975 4347 2765 4431 ΛΙΠΠΟΠΟΛΙΤΩΝ,
2837 4355 2953 4440 sed
3024 4345 3156 4422 ΕΝ
3223 4356 3543 4442 ΦΙΛΙΠ-

2295 4570 2358 4637 ιι)
2396 4573 2453 4628 L.
2490 4574 2576 4625 vl.
2612 4593 2652 4625 c.
2695 4574 2744 4626 2.

3017 4743 3157 4786 *³0
