4500 5650
858 474 865 481 '
940 507 1118 558 cm
1847 446 2595 561 PROLEGOMENA
2621 452 2626 459 ’
2657 482 3233 558 GENERALIA.

950 647 1505 729 TETPAKIE„
1551 651 1806 714 consa&
1856 655 2123 728 mium,
2190 645 2296 714 vel
2335 669 2513 735 qum·-
2577 644 2664 714 ad
2729 647 2986 713 maritos
3061 656 3303 714 tantum
3383 612 3794 733 imperatores
3865 642 4168 731 pertinet,

944 762 1087 816 m.
1214 750 1293 817 In
1358 750 1560 827 ιιιιιιιίε
1624 749 1998 818 Hostiliani.
2099 750 2181 818 C.
2256 751 2513 818 OVAL.
2582 759 2688 815 aut
2715 749 2954 829 .etiam,
3033 742 3323 836 quande,
3402 767 3580 863 quae·
3621 766 3872 812 aversa
3892 756 3990 813 est
4044 768 4165 835 pa·

946 851 1230 919 osTlL.
1273 850 1475 919 MES.
1523 850 1970 921 COVINTVS
2012 874 2145 947 pro
2200 855 2271 919 C.
2316 853 2510 920 VAL.
2583 853 2733 933 tris,
2803 852 3094 919 tribuitur
3147 851 3319 933 filio,
3394 860 3459 916 et
3521 848 3824 929 vicissim,
3908 836 4168 917 tametsi

944 952 1291 1024 HOSTIL.
1362 953 1497 1021 ΜΡ
1500 956 1569 1022 S
1646 954 2041 1035 QVINTVS
2098 958 2300 1043 arguit
2354 955 2511 1021 soal·
2579 952 2754 1020 fuere
2820 960 3138 1043 tempora',
3252 950 3418 1043 qua'e
3489 951 3876 1021 monetarios
3942 951 4163 1038 palam

946 1064 1195 1142 ptorem
1285 1048 1595 1124 Graecum
1693 1056 2180 1146 orthographiae
2264 1057 2524 1125 Latinae
2588 1055 2957 1139 absolvunt3
3039 1076 3184 1122 nam
3259 1054 3496 1121 eertum
3561 1063 3686 1136 est,
3770 1052 3839 1119 in
3902 1062 4166 1119 moneta
4309 1130 4324 1143 ‚
4465 1122 4466 1143 χ

938 1146 1193 1226 ιιιιίειιι.ι
1270 1158 1460 1225 Adde
1502 1160 1798 1227 numulos
1842 1170 2172 1246 argenteos
2209 1161 2518 1240 Gallicos,
2588 1158 2876 1225 Romana
2943 1179 3084 1224 cum
3150 1157 3448 1246 Philippo
3529 1156 3664 1223 filio
3741 1157 4164 1222 communien-

942 1278 1170 1326 numos
1273 1260 1567 1328 coloniae
1652 1254 2008 1329 Laodiceae
2091 1264 2350 1346 Syriae,
2459 1273 2523 1330 et
2585 1268 2682 1357 tas
2734 1260 2932 1327 fuisse
2971 1271 3181 1349 partes
3225 1282 3510 1340 aversas,
3574 1279 3734 1347 quae
3775 1257 3914 1325 sine
3957 1257 4166 1325 dnbio

846 1352 856 1365 '
944 1361 1181 1448 passim
1235 1356 1399 1433 alios
1457 1360 1829 1431 declinantis
1881 1365 2125 1453 imperii
2177 1366 2389 1432 mixtis
2446 1344 2734 1431 li·s1'un
2775 1363 2997 1452 patris,
3064 1373 3135 1429 ut
3186 1360 3339 1429 ohm
3392 1308 3837 1450 prdbabimus,
3907 1362 3976 1426 in
4019 1383 4162 1427 mo-

838 1466 857 1473 ”
944 1462 1094 1530 teris
1138 1464 1431 1547 Graecis,
1464 1466 1839 1555 Latinisque
1882 1467 2218 1538 deformes,
2495 1488 2504 1495 ·
2587 1473 2736 1531 neta
2797 1485 2949 1534 vero
3024 1464 3400 1531 Antiochiae
3459 1464 3687 1547 Syriae
3748 1462 4006 1531 obvium
4057 1474 4165 1531 est

955 1626 966 1653 ‚
1074 1624 1079 1629 .
1117 1565 1325 1630 Etiam
1376 1569 1597 1635 aetatis
1641 1568 2031 1645 consuetudo
2051 1618 2068 1650 ,
2137 1591 2298 1660 quae
2336 1590 2375 1633 a
2415 1588 2517 1635 ve·
2585 1566 2804 1639 videre
2865 1588 3090 1635 numos
3137 1566 3445 1634 Otaciliae
3509 1575 3573 1633 et
3612 1566 4019 1647 Etrusoillae,
4083 1567 4162 1630 in

832 1762 843 1771 ἢ
945 1672 1079 1737 tere
1119 1664 1409 1733 instituto
1462 1668 1781 1753 discessit,
1841 1681 1904 1735 et
1958 1671 2039 1737 ad
2094 1692 2325 1736 novam
2369 1670 2518 1735 seri-
2587 1690 2852 1767 quorum
2907 1669 3154 1756 postica
3198 1669 3371 1754 legas
3428 1667 3570 1733 trib.
3612 1675 4017 1755 potestatem,
4089 1678 4165 1735 et

946 1767 1142 1835 bendi
1193 1767 1397 1856 legem
1463 1769 1751 1851 deflexit,
1822 1793 1955 1837 nou
2019 1793 2166 1839 raro
2228 1771 2520 1839 absolvet
2585 1762 2980 1854 consulatus,
3025 1771 3385 1837 maritorum
3416 1789 3646 1856 nempe
3685 1768 3934 1834 titulos
4001 1766 4164 1834 Pee-

944 1870 1343 1956 sealptorem.
1463 1873 1572 1938 Sic
1648 1873 2047 1954 RAEDVX,
2129 1874 2523 1954 PIAETAS,
2586 1881 2792 1937 catum
2823 1872 2986 1937 item
3043 1893 3082 1939 a
3142 1871 3536 1967 monetariis,
3603 1868 3858 1957 quande
3912 1869 3981 1935 ιιι
4023 1892 4166 1937 uno

944 1971 1580 2055 BAEATISSIMO,
1644 1985 1897 2055 eontra,
1961 1976 2277 2055 CESAR,
2342 1976 2515 2043 REI·
2583 1993 2776 2039 numo
2832 1972 2988 2040 duas
3043 1982 3253 2061 partes
3318 1972 3590 2039 anticas
3620 1970 3895 2057 ejusdem
3955 1972 4168 2061 impe·

945 2071 1321 2140 PVBLICE
1390 2070 1713 2163 paullatim
1782 2099 1923 2144 sese
1997 2076 2297 2143 inferiore
2356 2098 2515 2145 aevo
2583 2076 2778 2141 rantis
2842 2077 3261 2159 conjunxere,
3337 2085 3443 2140 aut
3497 2073 3653 2140 duas
3702 2083 3914 2161 partes
3967 2095 4162 2143 ,aver-

946 2175 1356 2250 insinuavere.
1428 2222 1433 2227 -
2588 2199 2728 2256 sas,
2775 2175 2866 2241 sic
2906 2185 2978 2240 ut
3017 2178 3084 2241 in
3127 2175 3241 2240 illo
3270 2175 3433 2241 desit
3462 2198 3609 2264 pars
3640 2197 3887 2257 aversa,
3931 2176 3998 2241 in
4027 2175 4164 2242 hoo

1121 2274 1211 2340 At
1263 2287 1598 2362 supersunt
1638 2278 1817 2359 vitia,
1876 2299 2036 2365 quae
2088 2279 2196 2343 uni
2249 2276 2519 2366 scalpto—
2588 2297 2734 2362 pars
2779 2278 3002 2342 antica.
3091 2277 3310 2343 Nolim
3353 2286 3561 2343 tamen
3606 2298 3746 2342 eum
3787 2275 4160 2346 Froeliohio

950 2398 1087 2443 rum
1138 2372 1414 2443 incuriae
1453 2379 1679 2465 procul
1736 2374 1935 2444 dubio
1978 2378 2314 2462 debentur,
2374 2402 2522 2466 qua·
2588 2381 2657 2445 in
2740 2378 3155 2464 negligentiae
3240 2379 3515 2467 peccatis
3598 2387 3821 2464 putare
3905 2399 4166 2449 numum

950 2477 1038 2545 lia
1084 2486 1293 2560 sunt,
1358 2501 1496 2544 eum
1577 2480 1903 2567 inscriptio
1972 2479 2164 2567 longe
2226 2503 2265 2548 a
2329 2492 2523 2568 typo,
2591 2500 2852 2544 aeneum
2894 2480 2974 2545 Π.
3016 2478 3258 2545 formae
3309 2480 3510 2545 musei
3567 2478 3780 2559 Caes„
3854 2480 3923 2548 in
3978 2486 4192 2568 eujus

952 2600 1140 2669 quem
1182 2578 1502 2663 enunciat,
1560 2582 1889 2670 discrepat.
1977 2584 2110 2666 Sie:
2179 2582 2524 2650 FAVSTI·
2591 2592 2852 2669 utraque
2904 2564 3081 2669 parte
3124 2590 3249 2647 est.
3325 2576 3844 2648 HADRIANVS
3886 2584 4166 2653 AVGV·

952 2681 1103 2753 NA.
1178 2683 1613 2750 AVGVSTA.
1718 2685 2016 2770 scriptum
2069 2688 2256 2775 juxta
2340 2696 2526 2772 eaput
2589 2682 2845 2777 STV,S·,
2931 2691 3023 2749 et,
3061 2681 3249 2766 hujus
3312 2691 3498 2769 caput
3555 2682 3928 2755 laureatum..
4009 2707 4163 2754 nam

952 2782 1050 2864 Μ.
1093 2783 1336 2852 Aurelii
1378 2787 1446 2852 in
1488 2783 1692 2852 aeneo
1731 2784 1778 2852 Ι.
1822 2785 2095 2867 foi-mae,
2156 2787 2264 2872 qui
2319 2798 2415 2855 est
2457 2784 2521 2854 in
2589 2784 2773 2873 plura
2813 2784 2943 2854 vidi
2985 2787 3120 2870 ejus
3163 2780 3578 2873 exemplaria,
3640 2805 3826 2874 quam
3881 2797 3951 2856 ut
3991 2791 4162 2857 osei-

951 2907 1172 2954 museo
1246 2886 1415 2975 reg-is
1483 2885 1825 2955 Galliarum
1910 2897 2070 2954 teste
2157 2887 2521 2956 Vallemon·
2588 2888 2820 2953 tantiae
2904 2886 3182 2974 suspicio
3286 2886 3514 2955 cadere
3595 2888 3665 2964 in
3750 2884 4164 2960 monetarium
4245 2925 4258 2938 ·

952 2989 1352 3071 tio·).1tem·
1389 2990 2523 3064 AOYKIAAAG..CG,BAGTHC
2587 2990 2825 3076 possit,
2879 2989 3035 3070 etsi,
3092 3011 3220 3077 quo
3262 2985 3433 3055 istud
3473 2988 3844 3075 imperatum
3884 2992 3966 3059 sit
3997 3011 4162 3061 oon-

952 3093 1252 3182 seriptum
1324 3095 1513 3179 juxta
1580 3103 1767 3179 caput
1829 3090 1901 3159 1..
1960 3091 2114 3160 Veri
2182 3093 2249 3158 in
2322 3115 2521 3162 aeneo
2589 3091 2767 3173 silio,
2835 3092 3138 3176 ignorem.
3252 3091 3578 3178 Peooatum
3620 3091 3838 3175 etiam,
3900 3096 4159 3184 «strando

826 3250 830 3255 .
954 3195 1376 3280 Ephesiorum
1446 3193 1699 3261 maximi
1783 3192 2024 3260 moduli
2098 3195 2253 3260 olim
2330 3197 2526 3264 musei
2593 3216 2732 3260 oum
2786 3193 2990 3280 eapite
3040 3192 3338 3280 Augusti,
3411 3172 3517 3259 vel
3573 3192 3891 3281 Augustae
3930 3201 4161 3283 junxe-

954 3291 1301 3377 Fouoault‚
1364 3305 1529 3362 teste
1572 3293 1888 3360 Gallando
1911 3296 2015 3380 ⁵..)
2080 3296 2383 3380 Ejusdem
2429 3321 2524 3366 ra·
2591 3305 2737 3362 runt
2806 3317 3089 3377 aversas,
3196 3316 3355 3382 quae
3425 3305 3571 3360 sunt
3650 3298 4160 3384 praecedentium

956 3397 1152 3463 tionis
1223 3406 1347 3463 εει·
1421 3396 2031 3463 ABVNDANTIA.
2095 3397 2301 3465 AvG.
2364 3407 2524 3487 typo
2590 3397 3049 3485 imperatorum.
3153 3396 3405 3466 Infinita
3447 3397 3632 3483 hujus
3675 3410 3825 3466 sunt
3866 3403 4172 3492 exempla-

960 3497 1336 3581 Pudicitiae,
1423 3501 1491 3565 in
1553 3520 1743 3565 numo
1810 3498 2206 3622 Etruseillae.
2327 3503 2523 3578 (Bam
2591 3497 2659 3563 in
2725 3498 3033 3584 argenteis
3111 3498 3485 3580 subserens,
3570 3498 3861 3569 nimirum
3933 3504 4164 3575 finnve

944 3600 1106 3667 ,duri
1146 3623 1210 3689 p
1245 3601 1382 3682 4ο.)
1674 3629 1689 3638 -
2593 3600 2867 3685 signatis.
2996 3601 3099 3668 De
3159 3602 3333 3688 typis
3392 3602 3461 3668 in
3499 3593 3726 3670 numis
3787 3603 4160 3675 familiai-m

952 3695 973 3705 ⁸
1133 3703 1330 3771 Aliud
1388 3711 1653 3783 certum,
1727 3711 1789 3768 et
1840 3700 2098 3770 obvium
2150 3704 2527 3770 monetario·
2593 3701 2720 3768 hoo
2796 3701 2993 3769 modo
3070 3705 3430 3791 permutatis
3496 3704 3641 3773 vide
3663 3705 4162 3804 prolegomena

961 3825 1100 3873 rum
1163 3807 1382 3873 vitium
1443 3813 1591 3870 ειιιιι
1649 3803 1886 3870 formae
1965 3825 2296 3872 ιιιιιιιοιιιιιι
2366 3805 2529 3873 male
2594 3805 2676 3871 ad
2717 3806 2901 3890 huJus
2931 3805 3164 3872 elassis
3206 3825 3453 3874 numos.
3507 3841 3517 3849 -

963 3908 1382 3995 compositae,
1450 3916 1525 3973 ιιι
1570 3908 1826 3995 quando
1889 3927 2028 3973 cum
2084 3917 2263 3994 parte
2326 3909 2530 3975 antica
2745 3908 3049 3996 Denique
3124 3910 3190 3973 in
3263 3908 3445 3974 certis
3512 3866 4002 3980 monetariorum
4065 3913 4165 3982 la—

964 4008 1226 4096 alicujus
1303 4011 1623 4096 Augustae
1681 4010 1991 4098 jungitur·
2029 4031 2276 4092 aversa,
2367 4032 2527 4100 quae
2592 4007 2812 4097 psibus
2882 4023 3168 4097 putamus
3238 4031 3461 4076 numos
3532 4012 3818 4112 ineusos,
3923 4024 3985 4082 et
4055 4017 4164 4084 bis
4267 4001 4274 4010 ’

964 4130 1081 4198 per
1130 4110 1467 4200 inscriptos
1512 4114 1902 4192 consulatus,
1958 4112 2352 4179 tribuniciam
2409 4134 2524 4201 po·
2590 4132 2957 4199 percussos,
3041 4109 3125 4177 de
3186 4112 3418 4201 quibus.
3475 4113 3575 4200 egi
3621 4116 3826 4204 eapite
3881 4117 4035 4190 ΧΠ.
4087 4120 4166 4186 in

965 4220 1282 4296 testatem,
1334 4213 1731 4302 pontificatus
1748 4263 1767 4297 ,
1825 4224 2019 4303 typos
2065 4203 2362 4284 militares
2405 4224 2521 4282 eto.
2589 4213 2946 4282 mechanica
2987 4214 3137 4294 artis
3181 4213 3581 4282 monetariae.

1104 4535 1161 4604 a)
1198 4537 1508 4591 Woltereek
1539 4537 1713 4598 Electa
1748 4556 1799 4605 p·
1839 4538 1953 4590 182.
1988 4617 2011 4634 ἱ
2092 4534 2155 4603 b)
2188 4538 2321 4591 naid.
2359 4558 2408 4606 p.
2449 4540 2565 4591 200.
