4500 5650
1631 510 2141 584 CAPVT
2226 510 2444 583 xxn.

436 668 530 735 ab
617 596 1051 753 ingruentibus
1138 667 1417 757 undique
1487 670 1809 754 barbaris,
1894 694 2019 738 una
2084 680 2212 751 est,
2301 672 2578 738 civitates
2663 669 2904 753 multis,
2991 669 3406 757 gravibusque
3486 667 3645 736 eula-

441 792 592 837 eum
622 769 1034 837 humanitatis
1096 792 1286 837 sensu
1349 770 1700 840 liberalium
1764 792 2020 861 quoque
2084 773 2399 840 mitatibus
2486 773 2789 840 exercitas
2876 772 3197 861 paullatim
3269 771 3538 839 animum
3609 793 3649 837 a
3697 832 3704 845 ,

448 873 674 940 artium
745 893 1023 938 amorem
1095 883 1417 942 exuerunt.
1548 873 1733 943 Adeo
1808 894 2022 941 verum
2088 894 2333 941 morum
2349 922 2369 956 ,
2423 876 2776 964 artiumque
2818 874 3059 945 cultura
3111 890 3394 977 avocare.

1420 1094 1556 1202 ‘C
1623 1097 1710 1201 A
1777 1097 2032 1203 P-V.

2084 1098 2170 1201 T
2309 1096 2611 1223 XXII.

980 1300 1957 1401 Bibliotheca
2056 1300 3121 1379 nu‘mz'smatica.

438 1445 846 1567 catalogum
915 1482 1237 1541 auctorum
1261 1521 1281 1555 ,
1371 1474 1479 1562 qui
1533 1473 1616 1540 de
1667 1496 1738 1540 re
1789 1473 2020 1541 numis-

441 1578 677 1646 natica
745 1577 1086 1663 scripsere,
1156 1574 1400 1663 pridem
1462 1574 1721 1644 edidere
1783 1564 2018 1663 Philip·

442 1701 577 1768 pus
660 1678 913 1758 Labbe,
998 1676 1378 1763 Rudolphus
1453 1678 1778 1767 Capellus,
1862 1678 2019 1747 Bur-

446 1778 733 1848 chardus
786 1778 1089 1845 Sti-uvius.
1177 1778 1322 1845 Hos
1381 1790 1628 1848 secutus
1682 1778 2018 1846 Anselmus

445 1880 811 1969 Bandurius
874 1880 1256 1968 praeclaram
1323 1901 1498 1947 suam
1556 1880 2019 1947 Bibliothecam

445 1983 792 2053 mmariam
846 1980 1125 2069 scripsit,
1181 1981 1263 2049 de
1316 1986 1494 2071 cujus
1551 1983 1786 2049 meritis
1840 2002 2020 2099 agam

442 2086 617 2163 infra
664 2086 731 2155 in
780 2084 969 2169 huJus
1024 2083 1344 2172 operibus.
1450 2084 1844 2166 Postremus,
1912 2085 2020 2172 qui

450 2191 525 2257 in
594 2187 816 2255 eodem
889 2195 1258 2272 argumento
1333 2194 1612 2252 versatus
1684 2195 1819 2266 est,
1905 2184 2021 2251 fuit

452 2288 844 2358 Christianus
901 2278 1138 2354 Hirsch
1195 2286 1369 2353 edito
1425 2306 1651 2372 opere,
1728 2286 1828 2361 cui
1880 2287 2020 2353 titu-

446 2394 586 2459 lus:
671 2392 1038 2457 Bibliotheca
1075 2395 1483 2457 mammea
1537 2389 1813 2457 exhibens
1860 2400 2020 2454 cata-

451 2501 663 2580 logan
704 2496 1287 2579 marmandae
1325 2513 1395 2558 re
1434 2490 2050 2569 monetaria,anu·'

346 2632 367 2643 =
457 2604 576 2664 acis
633 2608 755 2665 tan
819 2599 1105 2680 audimus,
1167 2614 1345 2678 quam
1405 2592 2022 2661 recentioribus'mi-

448 2721 650 2784 pem
738 2698 1170 2780 Νωὺιιῡωςω
1214 2698 1400 2765 1760.
1440 2700 1505 2760 in
1525 2692 1707 2775 focio.

2090 1474 2400 1541 cessarius
2452 1483 2550 1540 est
2603 1474 2685 1541 ad
2738 1497 2870 1541 rem
2932 1474 3420 1559 numismaticam
3482 1493 3649 1550 113113,

2086 1585 2191 1642 aut
2253 1598 2416 1663 quae
2478 1586 2739 1664 propter
2803 1578 3005 1647 varias
3071 1564 3310 1645 causas*
3347 1577 3652 1662 ignorare

2086 1678 2198 1745 vix
2232 1678 2400 1746 licet.
2486 1679 2560 1744 In
2603 1679 2710 1760 iis,
2768 1700 2927 1766 quae
2956 1683 3090 1764 jam
3132 1679 3442 1745 recensuit
3485 1677 3649 1743 Ban-

2089 1779 2335 1861 durius,
2425 1779 2700 1846 breviori
2774 1802 2916 1847 esse
2990 1780 3237 1862 licebit,
3326 1780 3470 1869 quia
3518 1782 3653 1863 jam

2088 1882 2168 1949 ab
2234 1883 2360 1948 hoc
2430 1881 2736 1966 ⁸judicium
2803 1870 3232 1969 incorruptum
3296 1881 3413 1947 fnit
3474 1901 3650 1967 pera·

2088 1992 2273 2065 010111,
2322 1992 2385 2048 et
2427 1982 2570 2068 ipse
2609 1982 2797 2049 facile
2837 1992 3051 2071 potest
3092 1982 3266 2048 adiri.
3349 1981 3651 2049 Omitten·

2086 2095 2186 2152 tur
2230 2087 2413 2151 etiam
2453 2085 2584 2150 hoc
2627 2085 2829 2172 capite
2873 2094 3192 2165 auctores,
3249 2085 3357 2171 qui
3400 2082 3482 2148 de
3523 2078 3647 2153 3111-

2086 2187 2367 2274 gularum
2452 2195 2691 2280 tantum
2777 2185 3022 2253 urbium
3110 2195 3217 2281 aut
3300 2185 3652 2273 principum

2088 2289 2291 2355 numis
2343 2288 2684 2375 scripsere,
2758 2297 2863 2357 aut
2918 2307 3106 2352 unum
3155 2295 3428 2369 tantum,
3504 2287 3650 2353 alte-

2087 2410 2303 2457 rumve
2354 2409 2606 2455 numum
2663 2389 2786 2454 sibi
2829 2387 3267 2476 explicandum
3311 2409 3652 2476 sumpsere,

2091 2514 2357 2579 quorum
2408 2491 2791 2558 mentionem
2842 2490 2924 2556 ad
2949 2518 2954 2523 ·
2976 2514 3117 2558 eum
3170 2491 3379 2567 locum
3423 2486 3650 2557 differi-

2090 2615 2260 2677 mus,
2317 2615 2444 2680 quo
2502 2594 2839 2660 eartmdem
2892 2593 3168 2673 urbium,
3227 2593 3653 2681 principumve

2090 2706 2405 2763 monetam
2448 2696 2954 2767 examinabimus.

3460 520 3780 587 mm,

635 2799 845 2868 Nobis
890 2820 1031 2866 cnm
1072 2797 1241 2882 idem
1285 2804 1709 2882 argumentum
1748 2796 1814 2864 111
1847 2815 2024 2884 prae·
2205 2794 2211 2799 ’
2263 2795 2511 2863 Initium
2599 2796 2894 2863 ducemus
2977 2817 3018 2862 a
3084 2795 3446 2883 famigerato
3520 2796 3653 2865 Hu-

450 2905 659 2972 sentis
714 2903 925 2990 operis
976 2901 1261 2968 instituto
1314 2896 1701 2965 metandum
1766 2898 2024 2963 omnino
2090 2899 2275 2965 berto
2351 2898 2639 2981 Goltzio,
2729 2891 2906 2986 quia'
2945 2919 3162 2964 eorum
3235 2920 3458 2987 opera,
3549 2901 3656 2987 qui

448 3007 784 3074 videretur
798 3052 819 3086 ,
905 3023 1034 3068 non
1118 3010 1324 3068 tamen
1413 3000 1632 3068 eadem
1705 2998 2025 3088 sequenda
2089 3000 2258 3066 hunc
2310 3021 2705 3087 praecessere
2716 3045 2742 3081 ‚-
2802 3000 2923 3065 etsi
2975 3018 3264 3086 magnum
3319 3021 3477 3070 aevo
3533 3022 3652 3068 suo

448 3107 633 3178 ratio
703 3107 869 3184 visa,
941 3120 1126 3169 cum
1120 3103 1230 3169 ad
1302 3124 1548 3195 causam
1621 3121 1819 3172 meam
1890 3123 2023 3168 non
2089 3102 2421 3169 habuerint
2489 3123 2749 3181 nomen,
2837 3113 3018 3167 1111110
3075 3100 3206 3168 fere
3278 3109 3518 3169 tantum
3586 3103 3655 3167 in

430 3195 672 3301 'putem
722 3204 1068 3297 pertinere,
1140 3204 1264 3272 nisi
1315 3225 1508 3272 nosse
1564 3225 1792 3294 opera,
1862 3225 2024 3292 quae
2088 3203 2345 3271 eruditis
2411 3205 2671 3278 cimeliis
2737 3213 3048 3292 putantur.
3178 3205 3305 3272 Cur
3367 3206 3435 3271 in
3485 3204 3654 3291 judi-

454 3312 543 3381 ad
630 3310 786 3379 artis
872 3316 1130 3374 nostrae
1213 3306 1685 3393 intelligentiam
1753 3316 2024 3394 possunt
2090 3306 2296 3373 cando
2355 3306 2614 3374 Goltzio
2666 3297 2961 3376 fuerimus
3012 3307 3370 3400 uberiores,
3433 3329 3658 3375 causae

451 3414 788 3504 prodesse
856 3407 1023 3490 Quis
1060 3410 1227 3477 enim
1270 3431 1403 3476 non
1443 3408 1637 3490 videt,
1681 3409 1842 3477 utin
1875 3431 2021 3497 qua·
2089 3430 2213 3477 nos
2256 3431 2477 3497 graves
2519 3409 2854 3496 impulere,
2901 3419 2970 3477 ut
3008 3411 3286 3499 patebit.

452 3518 556 3585 vis
610 3516 734 3582 alia
764 3513 1071 3594 scientia,
1130 3512 1222 3578 sic
1276 3513 1462 3579 etiam
1514 3512 1582 3578 in
1635 3512 1754 3577 hac
1807 3517 2028 3579 nostra

455 3617 684 3686 multas
759 3625 1012 3684 exstare
1082 3613 1575 3695 lucubrationes,
1666 3635 1821 3702 quas
1885 3614 2024 3680 sine

462 3722 615 3786 artis
666 3717 1037 3786 detrimento
1093 3738 1426 3812 possumus
1476 3716 1819 3802 ignorares
1891 3717 2026 3784 sive

2264 3581 2317 3645 Ι.
2402 3559 2933 3648 HVBERTVS
2985 3583 3525 3649 GOLTZIVS..

2263 3703 2420 3801 Ejus
2502 3737 2762 3803 operum
2831 3726 3150 3805 postrema
3219 3715 3414 3783 editio
3450 3745 3464 3750 -
3492 3715 3696 3798 hunc¹

471 3821 652 3909 quod
699 3823 765 3888 111
807 3821 1104 3888 scientiae
1147 3828 1403 3885 nostrae
1444 3818 1834 3886 incunabulis
1879 3819 2024 3886 scri-
2092 3813 2366 3907 praefert
2418 3817 2691 3885 titulum:

454 3931 615 4014 ptae
667 3924 985 3998 erroribus
1040 3930 1281 3990 scatent
1297 3972 1315 4002 ,
1368 3920 1638 4008 malique
1678 3930 1837 3987 sunt
1887 3920 2026 3987 viae

456 4026 686 4109 duces,
744 4026 904 4096 sive,
938 4024 1113 4114 quod
1165 4043 1352 4112 saepe
1395 4026 1719 4090 continent
1760 4044 1861 4091 res
1894 4026 2027 4108 jam
2093 4042 2214 4107 qua
2284 4044 2467 4106 opera
2531 4046 2682 4108 quac
2751 4034 2985 4090 extem
3055 4028 3334 4090 universa
3413 4029 3663 4110 querque

456 4129 546 4198 ab
592 4130 760 4203 111113,
816 4139 880 4196 ct
921 4149 1057 4196 11011
1096 4149 1243 4193 raro
1302 4124 1521 4200 melius
1564 4124 1801 4193 dictas?
1886 4126 2029 4192 Hae
2095 4127 2484 4192 volumeubzae
2546 4127 2978 4214 comprehensa.
3063 4128 3429 4213 Amvcrpiac
3474 4131 3657 4197 1708.

455 4242 535 4300 ut
584 4231 791 4298 omitti
846 4251 978 4302 non
1020 4238 1315 4317 possunt
1328 4250 1367 4294 a
1406 4227 1827 4295 bibliothecae
1878 4229 2027 4293 scri·
2096 4225 2189 4292 in.
2204 4224 2388 4292 folio.

452 4333 758 4423 ptoribus
772 4380 795 4415 ,
846 4333 943 4399 sic
994 4355 1033 4399 a
1072 4354 1172 4398 me
1202 4335 1349 4416 jure
1389 4330 1730 4418 praeteriri.
1821 4332 2031 4409 Quare
2164 4377 2165 4380 ,
2272 4328 2429 4395 Cum
2500 4337 2645 4394 ante
2713 4326 2994 4415 aliquot
3024 4350 3225 4396 annos
3294 4324 3660 4415 opusculum

454 4438 533 4502 in
612 4435 936 4521 catalogo,
1025 4455 1209 4522 quem
1273 4455 1487 4504 ceram
1549 4430 1869 4514 dabimus,
1956 4454 2034 4498 ea
2098 4429 2349 4498 ederem
2365 4478 2385 4511 ,
2455 4430 2557 4506 cui
2621 4428 2868 4496 titulus:
2955 4432 3292 4515 Descn'pao
3352 4451 3662 4495 mmm-m

454 4537 676 4607 solum
734 4536 1077 4625 prodemus
1132 4556 1362 4623 opera,
1446 4555 1713 4624 quorum
1767 4541 1876 4602 aut
1924 4554 2031 4602 ne·
2097 4535 2442 4602 Amnem
2524 4535 2783 4615 Synna,
2911 4538 3036 4600 cicc
3132 4538 3420 4617 specimen
3512 4538 3710 4600 arm

2266 3922 2524 3987 Hubcru'
2576 3924 2796 3987 G'oltse‘i
2853 3926 2926 3988 dc
2985 3944 3055 3988 rc
3120 3923 3451 3986 nummaria
3508 3927 3659 3986 mii-
3730 3944 3734 3950 ·
3819 3925 3884 4010 z*
