4500 5650
865 496 1085 552 xxxvx
1258 412 1333 450 ⁵
1792 408 2552 546 PROLEGOMENA
2616 465 3203 542 GENERALIA

872 652 1038 741 gere.
1098 635 1279 705 Istud
1320 656 1475 704 vero
1520 650 1816 719 examen,
1862 635 2041 753 quod
2082 652 2166 700 ex
2205 624 2448 721 praeciss
2513 627 2703 697 tradit
2757 606 3154 717 Lampridius
3167 677 3187 711 ,
3254 644 3469 694 verum
3517 625 3585 693 hi
3642 638 3842 713 aeque
3892 621 4098 690 nobis

874 744 1018 835 puis
1078 760 1271 809 unum
1346 747 1519 822 erat,
1600 737 1800 804 fuisse
1861 738 1940 805 ab
1993 736 2073 803 iis
2128 735 2448 815 omissum3
2516 742 2662 800 sunt
2699 733 2935 819 ignoti,
2998 754 3074 798 ac
3112 730 3288 796 aurei
3323 728 3449 810 illi,
3522 746 3686 816 quos
3731 726 3822 792 ab
3843 724 4083 797 ,eodem

875 864 1007 917 uno
1080 842 1397 930 occupatis
1461 840 1830 909 eruditionis
1898 828 2262 930 apparatu,-
2322 835 2448 924 pri-
2517 855 2659 901 cum
2711 832 3062 907 Alexandri
3113 828 3209 898 Μ.
3266 831 3484 899 1ι81)1ιιι
3536 849 3766 916 magno
3823 820 4088 895 numero
4105 896 4124 904 ,

877 946 1022 1014 dem
1108 944 1466 1033 conquesti·
1524 952 1669 1013 sunt
1751 938 2286 1036 Eisenschmidius
2371 939 2449 1002 1ιι
2517 937 2711 1009 fuisse
2755 956 2944 1002 cusos
2986 934 3155 1001 idem
3209 934 3429 1016 refert,
3504 941 3611 999 aut
3666 931 3864 1012 aurei,
3937 948 4090 1018 qm·

822 1040 1201 1138 ⁴praeclaro
1286 1066 1403 1111 suo
1495 1045 1940 1112 commentario
2030 1042 2113 1110 de
2200 1050 2460 1108 moneta
2519 1039 2692 1120 tuor;
2759 1059 2897 1105 sex
2912 1086 2931 1123 ,
3021 1045 3169 1103 octo
3184 1086 3202 1119 ‚
3290 1035 3510 1122 viginti
3582 1032 3909 1103 drachmas
3978 1027 4092 1097 ad

876 1148 1114 1232 v'etere',
1159 1157 1225 1214 et
1266 1145 1558 1212 Khellius
1608 1156 1826 1213 noster
1843 1147 1971 1233 ⁸).
2023 1144 2277 1211 Cautius
2321 1162 2455 1211 888-
2519 1138 2903 1229 pendentes,
2983 1138 3142 1228 quin
3203 1146 3267 1204 et
3321 1138 3579 1205 bilibres
3627 1134 3817 1202 CXC.
3866 1130 4090 1201 drach
4145 1218 4150 1219 ἶ

881 1253 1007 1320 culi
1084 1248 1295 1316 nostri
1376 1245 1726 1336 philologi,
1818 1270 1892 1315 ac
1950 1240 2314 1337 praecipue
2387 1244 2455 1337 in
2509 1264 2786 1337 marum,
2860 1249 2926 1307 et
2993 1238 3194 1308 adeo
3190 1242 3602 1322 centenarios
3668 1237 3927 1304 duarum
3967 1230 4094 1300 mi-
4145 1304 4152 1309 ,

883 1351 1342 1421 commentariis
1398 1350 1530 1415 suis
1590 1346 1816 1417 eruditi
1875 1348 2044 1417 Galli
2100 1345 2454 1415 audiendos
2521 1367 2738 1413 narum
2781 1342 3067 1432 pondero
3083 1392 3103 1427 ,
3157 1364 3321 1447 quos
3363 1344 3444 1411 ab
3489 1338 3851 1429 Elagabalo
3887 1337 4094 1405 fuisse

884 1476 1143 1545 quoque
1190 1452 1414 1521 numos
1466 1452 1535 1518 in
1599 1451 1726 1519 hoc
1780 1451 2028 1536 'judicio
2097 1449 2451 1530 voluerunt,
2521 1448 2801 1534 signatos
2862 1445 3118 1514 tradidit
3169 1444 3655 1534 Lampridiuffl).
3757 1444 3916 1521 Quo
3981 1438 4122 1505 der

762 1640 776 1652 ⁸
884 1560 973 1624 et·
989 1555 1215 1643 partim
1267 1573 1596 1642 perperam
1667 1553 1747 1634 ab
1816 1553 1945 1622 illis
2016 1551 2243 1618 tradita
2313 1572 2453 1616 cor·
2521 1550 2673 1617 inde
2724 1548 2878 1615 loeo
2930 1542 3284 1638 p'utabimus
3345 1547 3702 1616 testimonia
3760 1541 4092 1623 'lu-ebena,

864 1666 1213 1751 rexerunt,
1254 1656 1503 1743 -partim
1532 1654 1649 1739 *ab
1713 1655 1856 1743 ipsa
1910 1652 2296 1744 experiente.
2340 1652 2456 1718 do·
2523 1661 2633 1720 aut
2670 1650 2969 1740 Vopisci,
3014 1672 3245 1718 888888
3287 1650 3477 1718 nobis
3521 1649 3846 1729 denarios,
3891 1654 3957 1713 et
3995 1665 4096 1710 88

886 1761 979 1825 cti
1000 1768 1214 1825 moves
1267 1757 1631 1853 solidasque
1678 1756 1856 1845 leges
1909 1759 1976 1823 iu
2040 1757 2203 1822 hanc
2259 1753 2464 1819 scien⁴
2525 1754 2777 1827 stertios
2840 1732 3307 1840 propinantium
3323 1803 3342 1836 ,
3379 1764 3548 1819 tum
3603 1761 3669 1819 et
3722 1748 4108 1837 Philippeos

885 1861 1013 1928 tiae
1079 1869 1367 1950 partem
1397 1858 1784 1925 invexerunt.
1914 1859 2046 1926 Sed
2123 1856 2308 1924 etiam
2391 1854 2460 1919 1ιι
2528 1877 2754 1922 aureos
2771 1903 2791 1936 ‚
2866 1854 3238 1945 Philippeos
3315 1866 3674 1941 argenteos·
3713 1849 4106 1930 minutulos,

885 1963 1015 2030 hoc
1069 1961 1312 2037 tramite
1365 1982 1504 2027 cum
1560 1961 1771 2027 multis
1835 1957 2302 2045 difficultatibus
2365 1956 2458 2023 lu-
2528 1957 2897 2045 Philippeos
2972 1979 3223 2038 aereos,
3313 1966 3498 2046 atque
3581 1957 3802 2024 etiam-
3837 1954 4110 2031 trientes·

889 2063 1179 2174 ctandum
1238 2062 1395 2149 fuit,
1483 2083 1672 2151 saepe
1761 2061 2094 2151 desperato
2176 2058 2457 2127 remedio
2528 2058 2913 2126 Salonianos
2958 2059 3098 2125 etc?
3172 2060 3396 2125 'Vn-um
3440 2060 3690 2145 dignam
3733 2057 3900 2122 hanc
3937 2070 4100 2121 mer-

889 2158 1019 2235 ad
1076 2168 1472 2281 conjecturas
1577 2162 1851 2248 denique
1949 2159 2462 2248 confugiendum.
2529 2181 2665 2226 cem
2707 2157 3196 2227 existimabimus
3213 2209 3231 2243 ‚
3296 2162 3364 2227 in
3408 2181 3532 2253 qua
3571 2156 3951 2255 explicanda
3987 2175 4124 2227 ve·-

892 2267 1049 2353 Non
1120 2266 1287 2332 enim
1351 2284 1495 2330 raro
1570 2264 1942 2351 scriptorum
1988 2263 2373 2331 ,testimonia
2427 2282 2464 2326 a
2528 2261 2714 2328 limus
2789 2260 2982 2328 crisin
3054 2272 3335 2329 nostram
3414 2262 3707 2350 occupari
3731 2307 3751 2345 ,
3839 2252 4100 2363 quando

868 2370 1093 2457 captis
1157 2381 1241 2433 e'x
1308 2372 1561 2465 moneta
1623 2363 2063 2451 experimentis
2132 2361 2459 2447 dissident,
2530 2384 2667 2430 eam
2732 2352 2982 2450 ignorat
3043 2352 3459 2484 experientia,
3527 2364 3716 2431 nobis
3782 2384 3936 2432 veto
3990 2385 4106 2428 co-

894 2481 1001 2539 aut
1042 2468 1269 2553 modus
1323 2465 1545 2548 defuit,
1616 2464 1733 2531 1118
1776 2488 1923 2532 cum
1974 2466 2073 2532 his
2126 2464 2465 2532 concilian-
2530 2466 2702 2555 guita
2742 2486 2875 2535 non
2918 2475 3047 2550 est,
3102 2468 3226 2533 nisi
3267 2490 3352 2535 ex
3394 2466 3655 2534 oraculo
3695 2468 4112 2585 scriptorum,

870 2572 982 2657 fidi.
1067 2573 1172 2641 E:
1192 2590 1251 2657 g.
1310 2566 1551 2633 Passim
1600 2565 1837 2634 docent
1899 2572 2139 2636 veteres
2158 2615 2177 2651 ,
2244 2567 2464 2634 drach·
2533 2570 2671 2658 qui,
2780 2579 2848 2636 ut
2931 2572 3278 2638 communis
3359 2569 3482 2637 fert
3551 2571 3769 2661 opinio
3794 2618 3813 2654 ,
3895 2570 4106 2657 ipsam

896 2676 1061 2742 ursin
1132 2671 1407 2738 Atticam
1492 2689 1635 2735 cum
1702 2667 1961 2737 denario
2016 2671 2466 2747 ,Romanorum
2532 2693 2670 2737 eam
2711 2640 3034 2738 historiam
3051 2721 3071 2755 ,
3145 2692 3331 2762 quam
3383 2674 3792 2762 scripserunt,
3839 2671 4104 2759 ignora·

800 2848 811 2855 ,
900 2773 1181 2863 ejusdem
1249 2771 1444 2839 fuisse
1505 2768 1839 2859 ponderis,
1914 2781 1978 2839 et
2046 2772 2314 2855 valoris3
2403 2780 2467 2837 at
2533 2773 2724 2842 vere?
2813 2774 3055 2842 O‘mitto
3121 2775 3225 2842 hic
3288 2775 3595 2844 Zonaram
3618 2824 3636 2859 ‚
3727 2773 4110 2857 Codrenum,

868 2886 1149 2945 -eonstat
1218 2875 1604 2963 esperientia
1626 2922 1644 2955 ,
1725 2873 1889 2939 inter
1958 2882 2286 2963 utrumque
2355 2894 2466 2940 ιιιι-
2537 2873 2824 2966 aliosque
2885 2876 3166 2962 ejusdem
3235 2879 3468 2962 meriti,
3497 2929 3520 2948 .,
3545 2885 3675 2945 ιιιιιι
3739 2887 3803 2944 et
3863 2876 4110 2954 lexico-

898 3001 1066 3048 mum
1107 2985 1389 3066 spectato
1426 2975 1719 3070 pondere
1766 2975 2197 3044 intercessisse
2249 2975 2469 3043 discri-
2535 2978 2949 3068 graphorum,
3024 2989 3087 3047 et
3141 2979 3766 3069 'chronographorum
3827 2997 4104 3067 gregem,

898 3103 1041 3151 men
1062 3101 1072 3110 ·
1094 3103 1229 3149 non
1281 3073 1831 3160 contemnendum,
1905 3077 1988 3144 de
2042 3102 2170 3168 quo
2198 3078 2469 3166 'agemus
2538 3083 2647 3170 qui
2710 3081 2936 3149 veteris
3002 3083 3291 3149 monetae
3365 3083 3615 3171 pondus
3687 3105 3764 3150 ac
3823 3081 4120 3150 valorem·

876 3182 1271 3272 ,explicatius
1321 3183 1387 3247 in
1442 3180 1708 3248 diatriba
1774 3178 1855 3245 de
1908 3182 2111 3249 numis
2178 3179 2470 3258 consula·
2536 3193 2644 3260 aut
2685 3192 2932 3250 suomet
2989 3184 3239 3268 judicio
3306 3187 3541 3275 inique,
3616 3181 3722 3266 aut
3790 3203 3873 3251 ex
3937 3193 4110 3252 vete·

754 3337 787 3388 ..
898 3287 1131 3353 ribus.--
1185 3283 1549 3350 Memorant
1602 3291 1888 3349 auctores
1945 3304 2077 3349 uon
2129 3285 2313 3371 pauci
2353 3299 2470 3348 nu·
2536 3306 2674 3353 rum
2761 3285 3011 3371 scriptis
3097 3286 3259 3354 male
3343 3287 3677 3355 intellectis
3715 3287 4108 3369 definivere,

903 3409 1045 3455 mos
1097 3384 1570 3452 Atheniensium
1646 3404 1871 3449 aureos
1896 3432 1914 3466 ,
2009 3369 2472 3470 Demosthenes
2539 3409 2580 3453 a
2632 3403 2908 3474 quorum
2961 3383 3207 3454 dictatis
3237 3390 3482 3458 hausta
3541 3411 3623 3459 ex
3684 3391 3888 3458 numis
3946 3390 4108 3479 ipsis

904 3496 1203 3557 stateres·
1255 3493 1478 3552 aureos
1555 3484 1909 3567 Cyzicenos
1936 3534 1954 3568 ‚
2058 3487 2473 3581 Thucydides
2540 3487 2830 3557 doctrina
2880 3486 3245 3577 longissime
3298 3492 3444 3561 abit.
3535 3493 3730 3581 Atqui
3791 3493 3850 3560 81
3900 3490 4114 3559 missis
4145 3552 4162 3560 ,
4263 3561 4290 3570 ,

907 3589 1290 3670 Phocaicas,
1374 3587 1617 3653 Plinius
1682 3586 2070 3658 victoriatos
2141 3599 2473 3680 argenteos
2541 3589 2915 3678 sci-iptorum
2955 3592 3333 3662 testimoniis
3387 3617 3527 3662 cum
3580 3595 3738 3663 solis
3789 3615 3923 3662 rem
3963 3603 4120 3680 838-

907 3711 990 3759 ex
1029 3690 1292 3773 Illyrico
1336 3678 1665 3772 advectos,
1733 3691 1849 3757 sed
1907 3713 2123 3758 omnes
2180 3692 2305 3757 hos
2359 3712 2473 3757 no
2539 3714 2611 3761 ι·8
2661 3695 2938 3766 numis
2974 3695 3288 3778 instituas»,
3377 3691 3561 3785 quam
3630 3697 3956 3772 molestam
4038 3695 4113 3764 hi

906 3793 1008 3861 bis
1050 3792 1349 3860 hactenus
1408 3794 1851 3881 incompertos.
1943 3793 2125 3859 Nihil
2174 3814 2329 3861 vero
2381 3794 2474 3858 in·
2544 3817 2796 3883 quoque
2867 3795 3021 3883 ipsi,
3107 3797 3589 3919 impeditamque
3660 3797 3956 3867 offerunt
4007 3817 4110 3864 ra-

910 3896 1135 3963 certius
1205 3896 1575 3963 testimoniis
1658 3894 1852 3961 illis·
1811 3922 1852 3977 ,·
1929 3917 2089 3983 quae
2163 3895 2476 3962 inferioris
2541 3899 2803 3965 tionem!
2884 3898 3144 3966 Pondus
3185 3901 3252 3966 in
3295 3903 3496 3968 aureis
3537 3924 3675 3970 non
3712 3898 3909 3969 modo
3951 3899 4111 3966 mire

909 3998 1049 4065 aevi
1108 3998 1444 4086 scriptores
1513 3996 1704 4065 nobis
1777 3997 2120 4068 obtrusere.
2229 3997 2477 4066 Eruditi
2546 3999 2791 4116 dispar,
2848 4000 2963 4067 sed
3007 4002 3194 4092 etiam
3235 4006 3370 4098 ejus
3414 3991 3621 4088 modi,
3685 4015 3783 4088 ut,
3857 4003 3966 4091 qui
4017 3995 4190 4067 18-’

906 4107 1045 4168 non
1116 4102 1300 4191 pauci
1368 4099 1677 4167 subtiliter
1751 4100 2182 4189 explicuerunt
2250 4121 2476 4168 numos
2541 4104 2755 4170 viores
2769 4112 3267 4190 sunt,certa1n
3309 4114 3374 4171 et
3413 4106 3801 4194 aequabilem
3846 4105 3930 4174 ad
3953 4121 4112 4194 gra-
4127 4097 4146 4110 ⁴

910 4223 1136 4270 aureos
1219 4197 1496 4284 solidos,
1562 4202 1874 4271 semisses
1894 4253 1911 4286 ,
1999 4214 2064 4271 et
2133 4204 2472 4287 tremisses,
2541 4206 2749 4272 viores
2790 4204 3098 4272 rationem
3140 4224 3273 4272 non
3316 4219 3669 4298 sequantur.
3710 4209 3869 4296 Ejus
3900 4228 4111 4275 exem-

914 4327 1075 4402 quos
1119 4305 1198 4372 ab
1243 4304 1614 4371 Alexandro
1659 4305 1895 4370 Severo
1949 4306 2142 4373 fuisse
2193 4307 2471 4398 signatos
2540 4306 2713 4395 plum
2786 4304 3023 4404 dabunt
3089 4310 3257 4377 aurei
3326 4309 3682 4394 Lysimachi
3692 4357 3740 4394 ,ς
3808 4307 4112 4396 Philippi,

2325 4466 2418 4475 -0-

3411 4468 3496 4478 η..

1047 4523 1107 4592 g)
1145 4527 1432 4596 Adpendic.
1467 4527 1529 4579 H.
1569 4546 1623 4596 p.
1664 4523 1745 4579 16.
1830 4605 1835 4614 Ι
1886 4522 1948 4592 h)
1984 4524 2037 4579 in
2077 4526 2220 4579 Alex.

2196 5582 2249 5587 5
2206 5531 2249 5542 ι

1398 5567 1553 5586 *faa-*-
