4500 5650
1661 434 2470 509 CAPVT·X111.
3295 450 3714 514 ·-‡1;xn·

616 595 851 665 Vrbes⁷
872 618 948 664 ae
988 595 1297 687 populos,
1353 597 1463 685 qui
1504 596 1605 665 sui
1644 595 1822 685 pleni
1852 598 2016 684 juria
2082 606 2247 666 tates.
2300 597 2678 681 domesticas
2735 599 2931 669 licuit.
3037 592 3266 690 Nerine
3311 606 3418 688 jus
3455 603 3659 687 istud,
3709 602 3746 645 Ὗ

439 701 646 783 fuere,
694 722 835 768 mon
890 699 1052 784 alio,
1104 701 1229 769 nisi
1276 699 1539 766 nomine
1588 720 1708 767 suo
1718 698 1742 781 ,“
1811 701 2016 791 signaf
2085 699 2264 789 quod
2350 703 2749 769 autonomiae
2834 722 2984 790 pars
3067 702 3215 787 fuit,
3301 703 3660 795 ademptum

378 796 391 804 ⁵
440 802 629 891 visse·
654 812 1011 885 monetam,
1064 811 1286 891 suapte
1335 810 1527 891 patet.
1617 805 1831 884 Quare
1873 824 2015 870 cum
2084 803 2197 870 ab‘
2236 801 2538 892 Augustis
2556 854 2575 887 ,
2661 804 2777 891 sed
2852 807 3283 879 continuatum
3357 807 3659 898 deinceps
3749 874 3759 885 ,

438 906 510 977 in
558 905 681 973 hac
736 907 992 994 legitur:
1064 906 1139 972 A
1154 906 1301 974 ΘΕ.
1360 905 2012 973 ΘΕΣΣΑΑΩΝ.
2084 898 2368 994 quoque,
2444 906 2738 973 feriundo
2805 912 3031 976 numos
3097 912 3233 977 sive
3297 933 3381 977 ex
3449 918 3661 979 vetere
3730 926 3734 930 ’

431 1007 983 1087 ΕΦΕΣΙΩΝ.,
1078 1006 1481 1095 intelligimus
1581 1028 1697 1076 eos
1784 1030 2012 1076 numos
2080 1009 2402 1091 instituto,
2439 1030 2686 1097 nempe
2731 1010 2839 1096 qui
2881 1011 3123 1078 nullum
3155 1034 3310 1079 cum
3352 1014 3658 1081 Romanis

440 1113 2015 1217 Amam,1½matmm,1‹2pkemmm
2078 1131 2288 1179 rerum
2344 1112 2619 1179 dominis
2677 1131 2909 1179 nexum
2965 1114 3434 1202 profiterentur,
3494 1137 3661 1205 quoa

444 1194 814 1282 ausim-itate
870 1212 1064 1280 fuisse
1116 1235 1326 1281 cusos.
1415 1214 1526 1281 Sic
1579 1223 1671 1285 et
1695 1217 1763 1281 in
1804 1216 2011 1283 numis
2079 1224 2425 1281 wamma:
2496 1207 2793 1293 vocamus
2811 1264 2831 1298 ,
2919 1217 3054 1286 sive
3132 1218 3370 1284 inserto
3458 1219 3660 1309 eapite

439 1316 687 1384 Romae
734 1316 1006 1399 liberae,
1076 1318 1184 1405 qui
1237 1316 1597 1384 vetustioris
1651 1328 1797 1385 sunt
1850 1318 2009 1399 aevi,
2080 1316 2441 1436 imperantis
2509 1325 2640 1387 tum
2706 1317 3005 1404 Augusti,
3086 1329 3192 1386 aut
3249 1319 3512 1421 alicujus
3578 1343 3661 1389 ex

312 1506 321 1515 .
438 1418 649 1489 solum
685 1420 1052 1512 inscriptum
1062 1419 1352 1511 ROMA
1388 1416 1600 1508 legere
1644 1431 1758 1489 est.
1794 1419 2010 1488 Vrbes
2080 1422 2215 1505 ejus
2302 1418 2578 1502 familia,
2686 1442 2848 1507 quos
2933 1433 3278 1509 propterea,
3365 1423 3668 1510 officiosos

435 1522 691 1611 regibus
745 1520 1066 1608 subjectae
1108 1522 1354 1601 veniam
1408 1543 1859 1613 nonnunquam
1900 1525 2012 1591 im·
2080 1521 2377 1611 appello
2352 1572 2371 1606 ,
2431 1520 2544 1615 =de
2628 1524 2855 1611 quibus
2943 1524 3182 1641 egimus
3271 1525 3477 1613 eapite
3537 1526 3652 1593 IV.

436 1635 801 1715 petravere,
853 1635 1171 1693 monetam
1215 1625 1386 1715 apud
1428 1647 1501 1693 se
1540 1626 1842 1711 feriundi,
1894 1626 2041 1694 sed
2080 1625 2307 1693 Paucis
2372 1624 2612 1710 tamen,
2703 1649 2778 1693 ae
2840 1627 3097 1692 nonnisi
3143 1627 3376 1721 primi·
3419 1626 3661 1697 ordinis

437 1749 578 1795 non
629 1748 775 1794 raro
826 1749 901 1797 ea
956 1738 1195 1797 tantum
1238 1729 1410 1817 lege,
1462 1740 1534 1797 ut
1575 1752 1822 1819 regum,
1878 1730 2013 1819 qui2
2078 1714 2343 1796 urbibus
2397 1730 2766 1797 eoncessum
2819 1738 3179 1816 argenteam
3245 1729 3418 1797 domi
3477 1730 3663 1799 ferire

332 1874 343 1881 -
440 1831 561 1900 bus
637 1831 907 1899 obnoxii
976 1831 1188 1923 fuere,
1261 1832 1529 1920 effigiem
1601 1845 1710 1903 aut
1779 1854 2015 1902 nomen
2084 1833 2443 1921 pecuniam,
2507 1833 2721 1920 quales
2775 1832 2948 1899 fuere
3007 1832 3396 1899 Alexandria
3449 1833 3660 1919 Aegy*

436 1932 541 1999 illi
578 1933 959 2017 insererent,
1010 1938 1188 2022 cujus
1232 1929 1503 2024 eopiosa
1537 1937 1830 2026 exempla
1871 1956 2016 2022 sup-
2083 1936 2207 2023 pti,
2289 1936 2662 2005 Antiochia*
2701 1934 2959 2017 Syriae,
3007 1934 3344 2001 ‘Caesarea
3416 1937 3658 2024 Cappa·

443 2035 733 2122 peditant
798 2038 985 2105 urbes
1050 2039 1117 2105 in
1177 2039 1523 2109 Phoenicia
1588 2049 1697 2135 aut
1760 2031 2017 2106 Parthia
2086 2037 2382 2131 dociae,
2404 2040 2675 2119 Tarsus,
2743 2036 3046 2125 aliaeque.
3165 2037 3462 2104 Coloniis
3528 2039 3659 2104 Ro·
3773 2100 3782 2107 ,

442 2136 636 2217 sitae,
725 2155 1055 2223 quarum
1028 2139 1214 2201 illae
1298 2156 1524 2216 numos
1599 2130 1739 2202 cum
1813 2138 2018 2223 eapite
2082 2141 2282 2202 manis
2366 2139 2449 2202 ad
2530 2137 2855 2202 feriundos
2928 2157 3153 2205 numos
3227 2158 3391 2225 opus
3463 2138 3661 2205 fuisse
3785 2144 3794 2155 “

290 2306 305 2321 ,
437 2260 655 2327 regum
727 2238 1071 2320 Syrorum,
1144 2236 1267 2305 hae
1337 2238 1713 2306 Parthorum
1784 2260 2013 2325 magno
2081 2238 2391 2327 permissu
2452 2237 2750 2324 Augusti,
2826 2237 3059 2306 deinde
3128 2240 3312 2309 etiam
3384 2261 3659 2328 procon-

292 2343 311 2357 ‘
440 2362 703 2410 numero
774 2350 1257 2429 percusserunt,
1342 2351 1414 2409 ut
1495 2344 1563 2409 in
1634 2342 2016 2432 singularum
2083 2340 2324 2423 sulum,
2398 2341 2767 2428 inscriptum
2840 2316 3144 2410 PERM.
3221 2342 3482 2425 ΑἿΘ.,
3555 2342 3660 2410 vel

302 2456 333 2495 ἰ
440 2454 696 2513 moneta
752 2441 1197 2511 dooebimuss
1248 2442 1464 2512 Valuit
1524 2445 1724 2529 istud,
1803 2464 2013 2534 quam·
2082 2442 2505 2514 PROCOS.
2580 2443 2906 2511 manifeste
2992 2445 3268 2528 indicat,
3357 2444 3441 2512 de
3525 2467 3658 2539 quo

444 2548 556 2615 diu
597 2546 841 2625 dinavit
885 2546 1225 2619 servitium.
1314 2546 1404 2614 At
1440 2559 1853 2637 posteaquam
1896 2549 2018 2639 hae
2083 2542 2231 2615 vide
2283 2550 2610 2614 tractatum
2665 2546 2747 2613 de
2798 2547 3003 2614 numis
3057 2547 3468 2613 coloniarum.
3554 2548 3655 2614 In·

441 2650 867 2720 autonomiam
931 2656 1041 2717 aut
1108 2650 1295 2716 certis
1358 2648 1603 2739 legibus
1669 2662 1814 2719 sunt
1866 2672 2016 2720 eon·
2084 2649 2167 2717 de
2210 2672 2248 2716 a
2293 2650 2585 2717 Gallieno
2636 2652 2747 2718 vix
2788 2653 2930 2736 jam
2976 2649 3242 2739 amplius
3295 2648 3660 2739 provinciae

443 2764 726 2832 seeum,
784 2762 895 2815 aut
935 2752 1059 2815 sibi
1101 2769 1217 2834 per
1259 2751 1387 2811 vim
1431 2765 1788 2831 extorsere,
1845 2755 2018 2815 istud
2080 2752 2402 2834 propriam
2498 2774 2671 2824 suam
2696 2795 2716 2830 ,
2818 2751 3280 2842 priyatamque'
3325 2749 3660 2821 'monetam

440 2857 630 2924 etiam
683 2850 1003 2967 obsequii
1031 2870 1230 2936 genus
1295 2849 1597 2929 continuo
1652 2852 2015 2923 omiserunt.
2081 2849 2388 2936 habuere,
2446 2859 2517 2916 ut
2568 2850 2801 2916 dietum
2859 2873 3049 2939 supra
3094 2854 3299 2942 capite
3343 2857 3457 2923 ΠΙ.
3545 2856 3660 2923 At·

442 2956 658 3042 Hujus
716 2953 983 3040 generis
1017 2961 1118 3020 est
1173 2951 1562 3039 signandae
1581 2964 1874 3023 monetae
1941 2954 2015 3024 li·
2084 2973 2206 3041 que
2256 2951 2386 3018 hoe
2438 2951 2507 3017 in
2551 2962 2730 3019 statu
2772 2956 2880 3037 jus
2934 2957 3346 3024 monetarium
3398 2959 3467 3025 in
3509 2979 3657 3045 pro-

447 3059 697 3139 bertas,
771 3076 954 3144 quam
1005 3055 1358 3123 Antiochus
1417 3055 1554 3123 VII.
1614 3059 1841 3141 Syriae
1899 3079 2016 3126 rex
2080 3055 2304 3144 vinciis
2347 3054 2591 3121 Romae
2633 3053 2950 3142 subjectis
2974 3055 3109 3124 fuit.

442 3158 734 3230 Simeoni
756 3156 1063 3260 «Iudaeae
1124 3158 1270 3227 duci
1330 3160 1492 3228 inter
1533 3158 1682 3234 alia
1749 3172 2013 3229 autono-
2254 3124 2461 3225 R'oma
2531 3157 2736 3224 libera
2801 3170 3134 3238 monetae
3162 3111 3486 3230 feriundae
3545 3163 3655 3245 jus

394 3327 411 3340 ,
438 3266 602 3334 miae
640 3265 791 3350 jura
841 3263 1183 3331 oonoessit:
1259 3277 1317 3331 et
1373 3272 1647 3350 pemu'tto
1702 3268 1810 3333 ἡδί
1836 3266 2014 3349 saee-
2081 3259 2353 3342 nemini,
2411 3261 2535 3329 nisi
2585 3261 2708 3328 sibi
2758 3252 3040 3330 indulsit.
3146 3260 3328 3330 Nulli
3383 3281 3656 3350 uuquam

440 3391 511 3437 re
561 3389 994 3453 percussuram
1050 3374 1296 3454 proprii
1350 3375 1717 3438 numismatis
1785 3375 1851 3438 in
1914 3389 2013 3439 rs·
2082 3365 2493 3452 magistratui,
2589 3363 2819 3432 nedum
2905 3355 3199 3454 privato,
3285 3365 3660 3480 permissum
3734 3445 3738 3452 ὁ

440 3479 619 3559 gio-uo
667 3483 779 3540 tua
804 3479 861 3548 ).
2082 3468 2233 3551 fuit,
2306 3463 2575 3586 effigiem
2641 3483 2818 3535 suam
2875 3479 3168 3540 monetae
3222 3466 3514 3556 publicae
3564 3466 3658 3532 in-

616 3573 891 3641 Romani
912 3621 934 3657 ,
1040 3593 1180 3640 oum
1263 3573 1558 3661 regiones
1646 3581 1753 3641 aut
1837 3572 2012 3642 bello
2079 3572 2265 3640 ferre.
2353 3571 2459 3637 Ne
2512 3571 2649 3660 ipse
2692 3569 2944 3660 quidem
2988 3571 3199 3653 Sulla,
3258 3571 3367 3659 qui
3417 3569 3662 3657 aliquot

334 3693 345 3708 “
451 3683 701 3766 eaptas,
761 3688 870 3745 aut
932 3686 1163 3766 sponte
1233 3677 1480 3748 oblatas
1540 3686 1746 3744 stante
1810 3677 2057 3745 adhue
2046 3675 2264 3743 annis
2332 3683 2668 3756 tyrannum
2734 3675 2888 3761 egit,
2965 3671 3306 3763 legesque
3337 3671 3419 3742 ad
3492 3669 3657 3739 arbi·-

406 3780 773 3869 .republica
834 3780 902 3848 in
974 3781 1337 3869 provinciae
1405 3779 1671 3884 formam
1739 3779 2051 3868 redegis·
2078 3779 2268 3888 trium
2326 3777 2496 3861 fixit,
2568 3776 2929 3866 refixitque,
2992 3780 3103 3863 jus
3164 3775 3326 3844 illud
3397 3785 3656 3844 attenw

450 3893 625 3963 salt,
674 3892 920 3972 praeter
974 3883 1097 3951 alia
1146 3883 1453 3951 libertatis
1496 3885 1643 3970 jura
1692 3883 2016 3952 feriundae
2080 3883 2197 3950 vit.
2304 3881 2375 3949 Si
2441 3899 2566 3969 qua
2627 3878 2912 3948 videmus
2975 3880 3044 3946 ιιι
3108 3880 3312 3947 numis
3377 3875 3658 3948 virorum
3701 3897 3711 3904 ·

442 3989 634 4059 etiam
692 3988 1001 4076 pecuniae
1052 3987 1430 4077 permissum
1493 3985 1754 4056 urbibus
1808 3986 2014 4056 indul·
2082 3983 2467 4073 reipublicae
2551 3982 2883 4052 illustrium
2968 3982 3177 4074 capita
3193 4007 3234 4065 ,·
3302 3991 3422 4050 eos
3504 3982 3656 4052 satin

443 4114 604 4184 sere.
691 4091 1110 4160 perrexerunt
1161 4111 1314 4177 ergo
1373 4088 1593 4159 Asiani
1646 4090 1876 4158 cudere
1930 4090 2014 4158 ei·
2080 4094 2334 4155 constat
2398 4088 2478 4154 ab
2546 4107 2763 4154 eorum
2831 4086 3105 4175 posteris
3171 4107 3256 4154 ex
3315 4086 3382 4155 S.
3439 4086 3510 4153 C.
3565 4085 3660 4153 rei

442 4196 796 4285 stophoros
824 4244 845 4278 ,
952 4213 1104 4261 suos
1202 4192 1399 4262 Attici
1496 4191 2015 4276 tetradrachmos,
2083 4192 2486 4286 monetariae·
2537 4191 2875 4281 praefectis
2949 4190 3265 4278 signatos,
3353 4188 3503 4255 dum
3586 4188 3655 4254 ιι
3735 4225 3738 4234 ·

444 4319 623 4368 suam
684 4295 791 4365 alii
852 4307 1202 4382 monetam,
1279 4293 1595 4385 quantum-
1645 4317 1759 4386 per
1823 4295 2012 4374 facul·
2083 4296 2290 4384 gentis
2332 4315 2484 4362 suae
2526 4294 2720 4362 decus
2763 4313 2914 4378 eos,
2969 4302 3078 4360 aut
3126 4291 3395 4378 insignia
3436 4309 3656 4360 eorm

1076 4454 1139 4464 -”’“
1161 4455 1165 4462 “
2724 4450 2872 4459 .-—.-—-
3087 4446 3209 4456 ...u-n..-

581 4520 636 4586 ι)
671 4520 942 4576 macchab.
977 4521 1017 4574 1.
1054 4540 1100 4573 e.
1140 4522 1219 4573 15.
1255 4539 1304 4570 v.
1344 4514 1396 4571 6.
1484 4557 1493 4564 .
1607 4542 1615 4550 ·
