4500 5650
59 209 70 300 t
221 304 316 314 ,.
3084 303 3091 310 ·

55 301 68 992 f
359 407 368 411 “
599 445 696 455 ..
1349 339 1808 506 REGEs
1891 375 2553 486 sicimaiz.
2761 503 2769 512 ,
3338 407 3557 526 ,263

367 571 454 643 de
517 575 1008 657 Syracusarum
1011 572 1401 664 principatu
1483 576 1656 643 varia
1721 564 1934 642 fortu-
2113 567 2120 570 ’
2494 593 2503 598 ’
2606 574 2695 617 ’'²—
2943 573 2979 616 *
3572 625 3577 628 ι
3644 583 3657 610 ’

212 705 230 712 ·
363 697 452 744 na
514 673 870 758 contendit,
957 674 1072 741 sed
1134 685 1200 743 et
1263 676 1369 742 hic
1431 698 1471 743 a
1529 671 1942 744 Timoleonte
2170 678 2254 743 Σ
2260 673 2838 743 ΤΡΑΚΟΣΙΩΝ
2928 677 3137 758 Caput
3173 673 3565 768 Promptum
3684 662 3693 674 '

367 777 452 845 ad
495 777 867 865 obsequium
909 787 1246 850 revocatus
1268 779 1338 860 ⁰.)
2000 785 2178 865 spicis
2217 790 2575 844 coronatum.
2609 778 2682 860 J(
2724 775 2917 844 EIII.
2947 775 3263 842 ΙΚΕΊΛ.
3316 776 3565 840 Victom

539 881 789 945 Him
847 881 943 952 11.
1014 879 1224 946 medio
1296 880 1456 946 inter
1522 878 1934 967 Agathoclem
1997 907 2063 950 m
2101 889 2232 950 citis
2274 884 2445 966 bigis.
2513 877 2654 945 AV.
3042 925 3053 930 -

368 990 434 1048 ct
504 979 815 1064 Pyrrhum
898 991 1182 1070 tempore
1262 982 1526 1069 primum
1596 979 1972 1068 Syracusa·
2143 981 2314 1106 AV.
2358 984 2437 1050 Β.

307 1100 506 1149 rum
544 1090 828 1178 praetor,
883 1079 1114 1149 deinde
1163 1091 1498 1167 tyrannus,
1553 1105 1692 1154 cum
1747 1083 1934 1150 Phin·
2015 1117 2026 1125 ·
2298 1101 2301 1104 ·
2544 1084 2602 1148 P
2624 1038 2893 1148 YRRH
2908 1083 3026 1148 VS.

365 1284 572 1353 victor
627 1285 928 1375 primum,
999 1283 1228 1354 deinde
1289 1289 1428 1378 ipse
1485 1308 1525 1352 a
1567 1287 1795 1353 Poenis
1847 1287 1936 1353 vi-
2004 1281 2210 1353 minus
2278 1309 2315 1353 e
2386 1293 2540 1378 voto
2609 1284 2973 1353 cedentibus
3044 1305 3082 1350 a
3153 1277 3567 1362 Syracusanis

367 1397 526 1455 ctus.
639 1388 799 1454 Cum
856 1387 1036 1454 annis
1085 1387 1202 1455 IX.
1253 1388 1680 1477 principatum
1711 1389 1939 1470 tenuis·
2007 1398 2304 1456 evocatus
2391 1379 2648 1476 regnum
2732 1373 3112 1476 aliquamdiu
3178 1384 3360 1449 inter
3442 1380 3565 1448 hos

369 1500 503 1571 set,
559 1512 598 1557 a
638 1489 985 1573 Thynione
1029 1491 1269 1576 ejicitur
1288 1491 1368 1578 ¹).
1519 1535 1528 1546 -
1961 1490 2294 1568 obtinuit.
2424 1492 2659 1558 Verum
2725 1489 2805 1555 de
2869 1489 2996 1555 hoc
3036 1491 3295 1574 ejusque
3344 1483 3567 1563 numis,
3643 1502 3652 1510 ·

519 1591 823 1678 Begerus
851 1590 908 1677 ⁸)
975 1601 1037 1660 et
1103 1582 1568 1681 Havercampus
1603 1593 1655 1678 ¹)
1713 1613 1937 1658 numos
2004 1595 2127 1660 etsi
2167 1593 2395 1666 horum
2436 1594 2614 1662 multi
2654 1591 2982 1659 videantur
3021 1590 3088 1656 in
3109 1585 3324 1655 Sicilia
3366 1586 3568 1690 signa
3617 1620 3620 1624 .

267 1715 268 1718 ’
365 1691 660 1761 Hicetas
691 1693 946 1762 nomine
997 1691 1275 1782 insignes
1332 1695 1529 1762 veteri
1571 1694 1666 1760 illi
1709 1695 1936 1761 tribue-
1999 1697 2082 1778 ti,
2148 1706 2363 1782 agetur
2412 1700 2480 1762 in
2533 1695 2733 1761 numia
2788 1694 2992 1798 Epiri,
3064 1678 3257 1781 q'uae
3274 1693 3423 1774 ejus
3458 1707 3566 1773 pa-

368 1805 534 1862 runt.
619 1793 918 1882 Princeps
962 1797 1037 1861 T.
1076 1797 1178 1866 M.
1236 1794 1405 1863 haud
1451 1793 1640 1862 facile
1694 1791 1936 1863 definiri
2002 1799 2149 1880 tria,
2203 1803 2268 1864 et
2308 1797 2725 1863 haereditario
2759 1818 2905 1880 Jure
2948 1794 3030 1860 ad
3074 1815 3214 1859 eum
3254 1788 3567 1878 pertinuit.

55 1137 70 1452 ι
363 1182 457 1252 tia
507 1181 837 1271 Agrigenti
899 1191 1030 1250 tum
1092 1194 1364 1267 tyranno
1434 1185 1667 1253 bellum
1721 1185 1944 1272 gessit,
2175 1183 2392 1254 Rebus
2464 1184 2533 1251 in
2604 1184 2783 1251 Italia
2844 1183 3173 1267 adversum
3239 1177 3566 1244 Romanos
3622 1133 3639 1154 .
3686 1129 3695 1137 ⁸
3768 1147 3777 1154 ’
3874 1191 3875 1198 ’

55 1565 58 1622 Ι

55 1641 66 1860 ι

55 1879 58 1960 ἱ
289 1929 296 1934 -
365 1914 568 1982 posse
621 1896 959 1978 existimat,
1027 1899 1152 1964 utri
1202 1898 1527 1968 videantur
1579 1896 1938 2012 adJudicana
2536 1902 2611 1965 H
2623 1901 2668 1964 I
2676 1898 2814 1962 ER
2839 1900 2894 1963 Ο
2929 1885 3048 1972 ,Π

365 1995 444 2061 di
483 1998 556 2075 ³)-
689 1996 952 2080 Credo„
991 1999 1052 2064 si
1100 2000 1505 2076 consulamus
1555 2000 1728 2065 numi
1777 1995 1938 2086 ipsi,
2169 2001 2475 2087 Digresso
2536 2021 2573 2065 c
2616 1998 2835 2066 Sicilia
2853 1995 3124 2086 ,Pyrrho
3174 1993 3256 2062 ·V.
3305 1991 3376 2058 G.
3420 1991 3593 2060 479.·
3700 2029 3707 2036 -
3808 1977 3819 1986 ’

362 2093 587 2162 decisa
629 2105 728 2164 est
765 2095 902 2181 lis,
937 2099 1016 2176 iis
1058 2100 1264 2190 palam
1308 2100 1713 2190 professuris,
1760 2100 1940 2167 alteri
2005 2103 2384 2190 Syracusani
2482 2122 2634 2166 mox
2732 2108 3084 2187 praetorem
3154 2092 3573 2162 constituunt

359 2203 517 2263 sese
574 2197 841 2266 Hicetas
902 2197 1136 2268 deberi.
1263 2202 1318 2269 F
1320 2199 1514 2270 lormt
1577 2201 1835 2268 Hicetas
1887 2202 1936 2280 Ι
2006 2206 2389 2286 Hieronem,
2477 2225 2694 2290 quem*
2725 2201 2919 2270 fuisse
2980 2195 3302 2266 Hieroclis
3377 2194 3573 2265 filium

358 2298 495 2365 sub
565 2307 911 2366 extremum
975 2299 1276 2384 Dionysii
1328 2305 1411 2369 ΙΙ.
1469 2312 1750 2390 tempus,
1834 2324 1940 2368 ne·
2009 2306 2242 2373 docent
2326 2306 2730 2386 Pausaniass
2792 2302 3180 2384 Athenaeus,
3263 2298 3570 2376 sturmus,

239 2411 252 2434 ¹
369 2419 501 2488 que
565 2397 854 2487 unquam
908 2400 1059 2470 satis
1121 2403 1336 2496 firmus
1409 2406 1543 2488 ejus
1610 2404 1942 2486 Syracusis
2008 2418 2073 2474 et
2128 2427 2398 2474 marmor
2454 2416 2631 2482 vetus
2658 2402 2730 2487 ¹²).
2827 2404 3128 2470 Traxisse
3168 2403 3424 2488 insuper
3465 2418 3573 2485 pa·

373 2500 762 2589 principatus
823 2499 960 2568 fuit.
1074 2504 1234 2580 Quis
1287 2504 1474 2590 igitur
1525 2497 1645 2570 sibi
1691 2526 1940 2590 persua·
2008 2517 2249 2574 ternum
2304 2528 2500 2591 genus
2558 2529 2597 2571 a
2653 2505 2901 2571 Gelone
2950 2502 3141 2569 refert
3195 2502 3473 2568 Justinus
3504 2495 3572 2583 ¹).

376 2600 554 2684 deat,
611 2603 739 2667 tam
792 2601 1118 2712 copiosos
1135 2625 1362 2672 numos
1406 2621 1545 2669 cum
1588 2604 1851 2672 Hicetae
1891 2605 1942 2670 I.
2011 2607 2266 2676 Plautus
2311 2627 2581 2671 coaevus
2624 2611 2833 2670 narrat
2872 2624 2989 2691 per
3031 2613 3267 2685 suetaS,
3327 2612 3399 2668 ut
3439 2602 3571 2687 opi·
3642 2677 3655 2680 ,

375 2703 634 2772 nomine
701 2701 1037 2791 percussos
1110 2705 1325 2789 divisa
1382 2706 1545 2772 inter
1627 2707 1796 2772 hunc
1882 2714 1948 2772 et
2009 2730 2166 2793 nor,
2252 2727 2480 2795 nugas,
2564 2725 2776 2792 regem
2824 2706 3202 2792 Liparonem
3253 2704 3322 2773 ιιι
3374 2710 3574 2768 morte

289 2866 296 2873 ,
375 2805 766 2888 Dionysium
850 2806 1178 2893 potentia,
1311 2807 1563 2898 quando
1650 2808 1870 2891 Diony
1871 2806 1949 2875 sii
2010 2828 2269 2900 regnum
2308 2806 2646 2877 tradidisse
2686 2807 2834 2874 huic
2875 2807 3144 2889 Hieroni
3185 2805 3265 2894 ¹¹).
3372 2803 3574 2871 Victis

377 2908 612 2997 ipsius,
666 2908 774 2996 qui
825 2916 925 2975 tot
966 2910 1146 2976 annis
1188 2932 1383 3001 remp.
1426 2911 1655 2993 tenuit,
1712 2921 1944 2978 certum
2008 2914 2415 2984 Mamertinis
2479 2922 2767 2998 magnum
2837 2932 3067 2977 nomen
3090 2908 3389 2997 adeptus
3457 2927 3575 2973 rex

375 3012 621 3080 nullum
672 3010 978 3077 habemus
1028 3013 1460 3101 superstitem?
1542 3015 1707 3080 Sunt
1757 3014 1944 3080 Hice·
2010 3038 2050 3085 a
2100 3018 2230 3085 suis
2287 3016 2509 3085 dicitur
2559 3014 2638 3083 V.
2685 3014 2763 3079 „C
2820 3020 3004 3094 485.,
3073 3021 3167 3079 ιιι
3193 3019 3426 3077 censet
3456 3009 3573 3075 Ca-

372 3125 483 3187 tae
532 3114 703 3182 numi
762 3134 978 3179 omnes
1033 3136 1115 3181 ex
1169 3136 1356 3198 auro,
1411 3125 1476 3182 et
1517 3108 1738 3182 ain-eus
1780 3113 1946 3215 regis
2011 3120 2331 3187 saubonus
2360 3120 2420 3199 ¹.)
2506 3117 2675 3182 Inito
2716 3124 2942 3203 postea
2985 3136 3124 3181 cum
3164 3112 3397 3191 Poenis
3440 3110 3572 3181 foe-

372 3215 484 3285 vel
549 3217 804 3299 tyranni
859 3235 1083 3283 numus
1146 3228 1291 3286 ante
1341 3218 1755 3304 Agathoclem
1801 3238 1946 3282 non
2011 3207 2162 3288 dere
2227 3212 2312 3287 ad
2370 3217 2711 3317 pellendos
2771 3217 3072 3284 Messana
3134 3213 3573 3296 MamertinoS,
3708 3286 3717 3291 ,

374 3327 652 3399 exstat,
672 3317 823 3385 inde
875 3318 954 3387 ab
1000 3317 1128 3383 hoc
1170 3339 1285 3407 per
1329 3338 1548 3387 omnes
1589 3319 1723 3387 fere
1764 3339 1945 3406 reges
2013 3326 2094 3391 ab
2149 3322 2318 3411 App.
2380 3312 2646 3389 Claudio
2705 3321 2851 3387 Cos
2835 3360 2885 3402 ‚
2946 3319 3054 3405 qui
3107 3317 3204 3384 his
3257 3317 3577 3405 suppetias
3710 3394 3719 3403 ‚

191 3440 202 3453 “
325 3484 336 3488 ⁴
379 3420 724 3503 ssbflndant·
819 3418 1089 3487 Fabrica
1144 3423 1311 3510 ipsa,
1366 3426 1436 3493 itt
1477 3444 1591 3511 per
1628 3423 1778 3490 artis
1822 3421 1946 3488 ele·
2012 3426 2183 3505 tulit,
2271 3424 2472 3492 victus
2528 3445 2747 3512 pacem
2798 3444 2838 3487 a
2877 3420 3181 3511 Romanis
3234 3420 3439 3508 petiit,
3467 3419 3575 3495 im,-

345 3592 362 3603 ,
378 3523 656 3613 gantiam
716 3522 980 3588 alienior
1030 3522 1275 3592 videtur
1304 3556 1312 3563 -
1339 3547 1380 3591 a
1434 3524 1734 3610 Dionysii
1784 3532 1948 3591 aeta·
2013 3527 2433 3617 petravitque',
2520 3546 2706 3614 quam
2779 3532 2996 3600 sancte
3065 3524 3431 3609 integreque
3490 3518 3599 3594 ad,

347 3635 483 3709 πίε,
549 3626 642 3692 sic
663 3625 1054 3712 ‚Agathoclis
1098 3637 1162 3694 ct
1202 3627 1435 3709 Pyrrhi
1475 3637 1762 3716 tempora
1779 3632 1970 3715 ‘prov
1997 3650 2214 3716 -usque
2276 3629 2443 3695 vitae
2494 3628 2737 3695 exitum
2804 3625 3030 3707 coluit,
3120 3646 3195 3690 ac
3251 3624 3577 3689 Romanos

377 3730 554 3797 xime
604 3728 784 3815 sapit.
917 3722 1162 3805 Quibus
1215 3749 1337 3814 ego
1382 3752 1718 3818 persuasus
1774 3749 1948 3816 argu·
2015 3753 2148 3798 non
2199 3741 2331 3797 tum
2383 3728 2612 3812 m'odo,
2674 3727 2790 3796 sed
2832 3730 3014 3793 etiam
3058 3728 3123 3790 in
3165 3726 3337 3809 gravi
3382 3744 3577 3789 anno-

378 3830 612 3901 ιιιέιιιιε
665 3834 890 3895 numos
941 3830 1064 3896 hos
1119 3850 1337 3896 omnes
1401 3828 1663 3899 Hicetas
1705 3834 1789 3899 II.
1843 3832 1947 3899 tri-
2013 3855 2150 3901 rum
2200 3830 2350 3899 XV.
2418 3853 2583 3920 cum·
2626 3827 2984 3898 Hannibale
3050 3825 3221 3892 bello
3289 3824 3579 3893 omnibus

379 3930 675 3999 bucndos
739 3942 931 4018 put0,
1002 3935 1176 4017 cujus
1237 3935 1491 4000 nomine
1548 3933 1733 4003 facile
1787 3936 1972 4001 intra
2016 3935 2240 4002 officiis
2290 3930 2544 4019 adjuvit.
2642 3931 2798 3997 Cum
2854 3928 3006 4015 reip.
3058 3926 3215 4013 ipsis
3269 3927 3448 3992 annis
3466 3926 3579 4010 L.

380 4034 502 4103 IX.
553 4054 784 4112 annos,
845 4033 1072 4119 quibus
1123 4034 1452 4116 Syracusis
1493 4035 1791 4124 praefuit,
1829 4046 1951 4103 tot
2015 4059 2156 4105 rara
2220 4033 2517 4101 felicitate
2580 4041 2653 4099 et
2715 4049 2939 4115 magna
2997 4027 3274 4112 justitiae
3327 4039 3392 4095 et
3445 4050 3578 4095 mo-

383 4157 646 4205 numero
690 4135 862 4203 numi
901 4134 1072 4201 feriri
1112 4147 1566 4222 potuere..
2020 4136 2360 4205 dei-ationis
2427 4118 2614 4201 laude
2661 4124 3065 4220 praefuisset,
3142 4138 3427 4201 mortuus
3485 4141 3583 4198 est

524 4286 845 4355 )·1...xv1
935 4282 2349 4360 d)nlog.1'.xxl.§,.metsmxxnwfi
2485 4284 2862 4355 e)Thu.·r.B
2899 4270 3287 4352 ἠιμ-’337

527 4372 671 4440 Oia
711 4372 840 4424 P‘aru
845 4386 879 4423 t
914 4391 965 4440 p
1002 4368 1122 4431 296.
1266 4374 1322 4442 ς)
1340 4378 1530 4517 ξω
1533 4398 1641 4430 um.
1677 4398 1730 4448 p.
1763 4381 1846 4434 99.
1985 4372 2744 4442 h)'r0n·em.1nser.s;e..p.
2786 4377 2828 4421 1.
2966 4368 3107 4434 521..
3142 4366 3333 4422 xxm.
3370 4387 3414 4422 e.
3448 4360 3497 4422 ι.

527 4448 1392 4523 k)s1mc.22hmsc..c2n3.
1530 4446 2213 4552 1);„1>015s.h;.·.1..1.
3440 4488 3445 4497 -
