4500 5650
888 496 891 501 ·
974 508 1155 559 mx
1491 518 1495 522 »
1670 540 1676 547 .
1880 456 2621 553 PROLEGOMENA
2673 436 3241 553 cENsnAuA.

908 652 927 669 ‘
972 660 1209 717 tear-nm
1238 640 1519 726 facilia&
1568 650 1954 723 monetariae,
2010 644 2356 710 Numularii
2403 642 2570 728 effi
2606 641 2803 708 latere
2854 641 3073 710 leviter
3129 641 3480 728 suspicatus
3524 649 3620 707 est
3663 638 4059 707 Froeliehius
4104 642 4176 707 in

978 757 1269 816 amatores
1319 758 1592 833 monetae.
1685 744 1901 831 Magis
1958 743 2207 810 definite
2263 748 2539 826 Εἲς-καιο-
2608 745 2860 812 nomine
2906 741 3554 820 ΟΡΣΟΒΑΡΙΟΣ,
3611 741 3786 831 qnod
3827 743 4066 829 legitur
4109 746 4182 811 in

836 880 855 892 ·
976 874 1111 929 res,
1173 854 1593 932 &two-sema,
1649 850 2066 925 Μαὶὶωιονω,
2122 848 2396 912 macore-e
2435 844 2539 910 vel
2608 847 2809 912 numia
2841 844 3077 911 Musae
3119 844 3457 927 Bithyniae
3497 846 3777 930 reginae,
3838 843 3954 911 sed
3997 846 4180 932 quod

976 954 1331 1019 Ratun-arii.
1449 952 1626 1029 Quae
1691 949 1942 1036 quidem
2010 948 2267 1013 nomina
2333 946 2540 1013 solum
2608 947 2786 1049 aliter
2833 969 2973 1013 esse
3029 946 3431 1034 capiendum,
3506 949 3572 1014 in
3629 952 3764 1034 ejus
3821 946 4025 1049 numis
4086 947 4176 1013 di-

978 1053 1307 1133 iudicasse.
1348 1053 1498 1117 satis
1565 1073 1706 1117 esse
1757 1050 2081 1130 existimO,
2130 1051 2274 1137 quia
2335 1046 2544 1114 solum
2612 1064 2836 1116 cemus.
2924 1048 3121 1115 Forte
3177 1070 3310 1115 non
3365 1069 3565 1136 pauca
3603 1049 3950 1119 artificum·
3971 1038 4176 1115 'nomi-

975 1155 1059 1222 ad
1081 1158 1339 1242 ‘partem
1382 1174 1712 1221 numerum
1755 1153 2195 1233 mechanicam,
2242 1175 2282 1217 a
2319 1160 2548 1217 nostro
2611 1174 2693 1219 na
2778 1150 3185 1219 continebunt
3272 1152 3535 1239 copiosa
3621 1162 4174 1238 monogrammata,

882 1268 887 1281 '
976 1259 1260 1324 instituto
1317 1254 1452 1320 fere
1508 1254 1801 1334 alienam,
1871 1255 2206 1339 pertinent,
2278 1273 2404 1340 quo
2464 1250 2545 1318 de
2614 1275 2773 1340 quae
2849 1274 3036 1341 saepe
3108 1275 3315 1321 aream
3390 1274 3718 1332 numerum
3787 1254 4178 1320 Graecorum

981 1367 1342 1445 argumento
1404 1355 1548 1421 vide
1590 1356 1770 1444 plura
1812 1356 1980 1444 apud
2023 1355 2441 1443 Spernngium
2463 1356 2541 1441 ),
2611 1376 3026 1443 occupavere,
3157 1355 3274 1423 sed
3402 1357 3540 1444 quis
3636 1357 3796 1424 haec
3880 1356 4178 1422 evolvat?

980 1470 1044 1527 et
1086 1459 1445 1527 Bimardum
1466 1462 1589 1540 ).
2583 1458 2818 1525 -Etiam
2882 1459 2968 1524 in
3011 1457 3131 1527 hac
3197 1479 3383 1524 causa
3434 1460 3685 1546 parcior
3743 1460 4182 1531 Romanorum

1152 1560 1581 1648 Scalptorum,
1671 1561 1777 1645 qui
1860 1506 2295 1667 nnmismatum
2372 1560 2545 1646 ipsas
2612 1570 2866 1625 moneta
2922 1554 3155 1626 nullius
3215 1560 3406 1626 nobis
3476 1560 3727 1627 artificis
3789 1581 4025 1628 nomen
4069 1560 4184 1626 de·

981 1661 1266 1728 matrices
1361 1659 1790 1741 elaborarunt,
1910 1661 2131 1726 mirum
2231 1661 2544 1748 profecto,
2615 1660 2742 1743 dit,
2841 1682 3045 1749 neque
3142 1659 3452 1728 defectum
3550 1663 3719 1729 hune
3799 1661 4188 1746 supplevere

980 1765 1088 1830 vix
1146 1762 1413 1847 aliquam
1466 1762 1533 1825 in
1586 1769 1863 1827 veterum
1922 1762 2342 1826 monumentis
2409 1763 2545 1824 fieri
2609 1781 2936 1825 mmera-
3051 1764 3224 1834 φαίη
3287 1763 3584 1825 hactenus
3650 1757 3899 1827 unicum
3968 1760 4182 1847 reperi

964 1865 1374 1959 ¹mentionem.
1460 1860 1546 1927 Et
1598 1881 1750 1927 vero
1806 1882 1945 1926 cum
1997 1861 2064 1935 in
2109 1859 2393 1946 copiosis
2439 1879 2542 1925 ve·
2608 1855 2912 1944 lapidem,
2987 1856 3094 1944 qui
3152 1857 3565 1946 scalptorum,
3635 1870 3699 1926 et
3765 1861 4019 1949 quidem
4072 1864 4182 1948 g'e·

978 1975 1175 2031 terum
1231 1965 1432 2033 numis
1489 1963 1778 2028 miremur
1841 1971 2034 2028 artem
2096 1961 2181 2027 ad
2240 1983 2542 2027 summam
2609 1961 2871 2032 neratim
2931 1968 3197 2039 tantum,
3269 1961 3649 2027 mentionem
3708 1962 3913 2030 faciat.
4014 1964 4184 2030 Eum

976 2066 1423 2154 perfectionem
1518 2072 1876 2148 provectam
1891 2112 1910 2143 ,
2014 2062 2316 2139 artificum
2415 2074 2542 2130 tam
2607 2063 2884 2150 vulgavit
2947 2061 3384 2131 celeberrimus
3437 2063 3745 2132 Marinius
3768 2066 3840 2151 ¹).
3935 2065 4182 2146 Verba,

826 2190 837 2199 ’
979 2168 1422 2254 praestantium
1488 2167 1744 2230 nomina
1816 2164 2077 2251 perinde
2149 2164 2544 2232 merebantur
2611 2188 2770 2255 qnae
2812 2165 2936 2231 huc
2985 2165 3326 2252 pertinent,
3399 2175 3574 2234 sunt:
3645 2165 4178 2234 NOVELLIVS.

984 2267 1068 2332 ad
1146 2267 1569 2354 posteritatem
1653 2266 2016 2346 transmitti,
2109 2287 2293 2351 quam
2376 2264 2545 2332 istud
2575 2288 2580 2292 ·
2609 2269 2812 2335 AVG.
2899 2265 3060 2336 LIB.
3145 2268 3564 2335 ATIVTOR.
3652 2262 4185 2337 PRAEPosim

983 2367 1214 2434 factum
1275 2389 1314 2432 a
1358 2367 1568 2433 Plinio
1623 2365 2187 2432 commemorandis
2254 2369 2364 2449 iis,
2440 2368 2547 2453 qui
2613 2368 3226 2439 SCALPTORVM.
3289 2368 3649 2437 SACRAE.
3709 2368 4182 2437 MONETAE.

985 2491 1024 2536 a
1080 2484 1460 2554 ’gemmarum
1524 2468 1838 2554 scalptura
1921 2468 2229 2553 insignem
2322 2466 2547 2534 famam
2614 2471 2784 2557 Lege
2825 2470 2916 2538 ibi
2957 2470 3226 2556 insignia
3267 2470 3527 2539 Mar-inii
3569 2469 3653 2536 ad
3691 2489 3964 2538 marmor
4007 2471 4186 2538 istud

984 2580 1131 2638 sunt
1193 2569 1420 2658 adepti.
1520 2568 1765 2636 Eodem
1834 2569 2027 2635 etiam
2080 2573 2223 2655 jure
2287 2579 2547 2657 propter
2615 2574 2982 2640 observata:
3050 2572 3298 2639 Vellem
3349 2571 3670 2659 equidem,
3727 2594 3915 2640 aurea
3963 2594 4182 2639 sacen-

985 2673 1135 2738 artis
1189 2671 1622 2739 excellentiam
1673 2679 1966 2758 poterant
2021 2671 2369 2759 scalptores
2415 2694 2544 2738 mo·
2615 2673 2680 2741 la
2740 2675 2806 2740 in
2875 2672 3220 2761 prodendis
3284 2675 3728 2762 praestantium
3798 2675 4185 2765 monetario-

988 2773 1210 2839 netarii
1262 2772 1465 2852 numia
1522 2773 1861 2842 inscribere
1923 2776 2176 2841 nomina
2248 2792 2392 2854 sua,
2460 2783 2547 2842 at·
2611 2796 2752 2848 rum
2793 2777 3151 2845 nominibus
3194 2785 3320 2844 tam
3360 2774 3552 2842 fixisse
3594 2775 3918 2863 loquacia,
3991 2774 4186 2864 quain

988 2895 1111 2961 que
1195 2872 1363 2941 istud
1448 2872 1650 2939 fecere
1732 2895 2105 2959 gemmarum
2177 2875 2546 2960 scalptores,
2616 2878 2787 2946 istud
2856 2878 3029 2945 fuere
3100 2878 3348 2945 saecula
3410 2877 3677 2945 barbara
3745 2880 3812 2946 in
3900 2880 4185 2967 promul-

985 2976 1187 3041 inciso
1241 2998 1300 3042 v.
1354 2995 1419 3060 g.
1473 2974 1991 3058 ACHAGIOY,
2043 2976 2175 3042 vel:
2228 2974 2557 3041 ΟΟΛΩΝ
2615 2978 2836 3065 gandia
2880 2998 3135 3044 suorum
3177 2980 3565 3061 nominibus,
3621 2991 3691 3046 ut
3732 3003 3872 3048 cum
3914 2981 4190 3067 legimns

988 3072 1337 3147 ΕΠΟΙΕΙ.
1411 3076 1677 3143 Vnicum
1719 3078 2001 3164 inscripti
2045 3076 2298 3142 artificis
2339 3097 2545 3142 exem·
2614 3081 2683 3148 in
2724 3080 2928 3146 numis
2971 3077 3345 3146 Clodovaei:
3422 3080 3776 3149 Docclo.
3843 3079 4218 3152 Momm.

985 3178 1158 3267 plum
1230 3179 1438 3265 reperi
1510 3180 1578 3244 in
1658 3180 1860 3244 numia
1946 3178 2145 3245 tribus
2218 3177 2548 3258 cydoniae
2614 3187 2774 3261 rius,
2872 3182 2940 3247 in
3033 3181 3234 3252 numia
3331 3180 3705 3267 Dagoberti:
3805 3182 4183 3250 ELIGIVS.

951 3280 1245 3364 ‘Or-ctae,
1300 3278 1410 3363 qui
1462 3288 1608 3344 sunt
1670 3299 1890 3342 omnes
1946 3279 2014 3342 in
2056 3299 2275 3343 museo
2323 3280 2545 3346 Caesa·
2617 3283 3082 3360 Monrius,
3140 3281 3245 3349 vel
3289 3280 3366 3347 in
3417 3283 3619 3349 numis
3675 3284 3951 3352 viennae
3989 3283 4186 3351 Ano·

987 3399 1133 3458 reo,
1216 3369 1545 3444 nimirum?
1633 3375 2176 3445 ΝΕΤΛΝΤΟΣ.
2250 3380 2392 3443 ΕΠ
2394 3379 2549 3445 ΟΕΙ.
2616 3384 2884 3469 brogum
2951 3403 3090 3449 cum
3164 3383 3366 3473 capite
3430 3384 3723 3453 Mauricii
3794 3388 3954 3473 Aug.
4029 3375 4184 3456 EX.

916 3569 920 3573 ι
988 3478 1226 3546 Dorice
1280 3498 1400 3567 pro
1456 3478 1685 3546 ΕΠΟΙ
1688 3481 1801 3544 ΕΙ.
1897 3478 2323 3548 Monetarium
2365 3479 2551 3547 etiam
2622 3483 3058 3556 OFFICINA.
3100 3483 3573 3553 LAVRENTI.
3767 3497 3772 3501 ’

1419 3987 1425 3992 ·
1472 3963 1590 4036 De
1642 3965 1959 4064 officinis
2009 3970 2463 4054 monetariis,
2517 3984 2590 4045 et
2639 3971 2858 4070 copia
2901 3997 3305 4047 numorum
3358 3987 3696 4054 veterum.

974 4155 1411 4252 ‘Graecorum
1460 4187 1683 4253 iterum
1737 4187 1868 4256 sive
1919 4190 2122 4272 numi,
2187 4192 2324 4260 sive
2384 4213 2550 4258 com·
2621 4192 2976 4260 monetariis
3047 4191 3343 4265 docuere.
3457 4194 3632 4282 Ergo
3717 4195 3788 4260 in
3874 4196 4183 4266 Romanis

988 4289 1317 4357 mentarii.
1356 4286 1516 4354 nihil
1601 4306 1721 4354 nos
1811 4288 1892 4355 de
1976 4312 2204 4360 eorum
2280 4291 2549 4361 officinis
2617 4302 2855 4362 tantum
2897 4293 3300 4398 morabimur.

2445 4447 2725 4457 ——-—=--
2757 4447 2824 4457 0—-
4111 4451 4190 4462 -ς,

1026 4508 1040 4514 “
1127 4509 1183 4576 ⁴1)
1219 4507 1284 4560 de
1318 4527 1462 4563 num.
1497 4527 1670 4561 none
1706 4529 1749 4562 ⁸·
1786 4527 1896 4579 αι’·
1930 4504 2015 4563 34·
2152 4510 2307 4576 >Ul
2340 4511 2373 4563 ³
2376 4513 2538 4566 obert-
2575 4511 2639 4567 T·
2675 4512 2739 4565 Π·
2775 4523 2824 4580 P‘·
2862 4510 3004 4568 62⁸
3037 4534 3088 4582 q·
3225 4511 3281 4580 ι)
3315 4512 3480 4582 betis.
3517 4510 3708 4570 Alban.
3745 4533 3801 4584 p.
3838 4517 3954 4574 109.
