4500 5650
100 4935 131 5288 -reffi-‘⁴‘
98 4843 109 4862 ““
96 4687 113 4784 ““““

1616 434 2137 543 cAP'v'r
2248 472 2430 545 x1x.
2573 562 2580 569 ,
2901 516 2904 521 -
3367 497 3608 551 cxxm

388 626 605 714 ligitur
665 643 889 689 numus
950 625 1239 711 quisque
1262 626 1724 714 integerrimus,
1759 629 1966 701 unde
2029 641 2301 720 portune
2344 650 2532 699 arena
2572 632 2927 717 excavavit,
2969 654 3276 725 respersa.
3359 638 3595 708 Vitium

392 749 619 798 numm
675 725 967 792 nascitur·
1012 726 1172 795 adeo
1245 729 1488 815 parenti
1560 731 1809 815 similis,
1897 741 1966 803 ιιι
2030 731 2199 802 istud
2271 754 2690 821 nequaquam,
2801 743 2871 802 ιιι
2953 735 3021 804 ιιι
3104 738 3349 822 aeneis,
3468 763 3593 830 ope
3649 748 3654 751 ’

394 830 582 897 etiam
634 798 1018 915 peritissimo
1073 828 1294 916 cuique
1343 840 1567 919 posset
1619 834 1965 922 imponere.
2029 833 2432 917 lithocollae,
2515 845 2580 905 et
2648 836 2912 903 verniois
2985 838 3286 909 occultari
3355 851 3589 930 potest,
3649 912 3668 921 ,

384 928 599 1001 Fundi
651 929 779 995 hoc
828 926 1025 997 modo
1086 943 1355 1048 possunt
1397 935 1602 1002 omnis
1660 932 1961 1022 magnitu-
2029 935 2145 1005 sed
2183 956 2446 1005 necesse
2486 944 2610 1017 est,
2677 945 2747 1005 ut
2791 938 2859 1003 in
2913 941 3114 1009 aureis
3157 942 3594 1034 argenteisque

390 1031 557 1100 dinis
614 1040 680 1100 et
736 1029 973 1099 metalli
1026 1032 1227 1114 numi,
1295 1044 1393 1103 et
1384 1035 1467 1103 si
1524 1058 1743 1106 eorum
1811 1038 1963 1107 vitia
2029 1042 2334 1108 continuo
2378 1039 2446 1107 in
2490 1035 2715 1107 oculos
2755 1039 3050 1113 incurrat.
3230 1051 3236 1061 '
3399 1054 3416 1077 *

388 1128 741 1203 emendavit
818 1133 1163 1221 scalprum,
1250 1144 1375 1203 tam
1447 1159 1648 1227 prope
1717 1139 1959 1207 imitan-

258 1238 265 1242 ’
384 1245 484 1305 tm·
523 1234 774 1316 caum,
840 1256 1028 1322 quam
1070 1236 1240 1304 numi
1281 1236 1407 1324 ipsi
1448 1250 1724 1322 veteres,
1771 1245 1958 1330 atque
2707 1224 2746 1310 ἓ
2791 1223 2902 1291 IV·

380 1337 551 1406 istud
592 1346 769 1404 tanto
816 1338 1085 1418 certius,
1164 1336 1345 1424 quia,
1406 1362 1546 1408 cum
1588 1341 1745 1409 haec
1787 1342 1953 1410 fraus
2027 1323 2121 1394 D⁶
2196 1346 2392 1395 m
2450 1329 2736 1413 “miqui”
2817 1334 3068 1413 qm
3132 1341 3435 1401 ’'lm‘'
3489 1355 3586 1402 Μ·
3704 1300 3710 1304 Β

378 1440 539 1509 raris
620 1448 861 1507 tantum
944 1434 1150 1506 numia
1236 1440 1625 1542 intendatur,
1712 1420 1953 1512 falsarii
2590 1431 2720 1510 W
2761 1439 2819 1493 α
2855 1436 3000 1512 *yffi-

375 1539 731 1629 liquefactis
784 1542 986 1609 numis
1044 1543 1327 1625 coaevis,
1401 1542 1517 1611 sed
1559 1544 1816 1633 obviis,
1880 1545 1949 1613 in
2096 1598 2105 1606 .
2186 1543 2299 1609 En
2344 1542 2458 1608 tibi
2501 1562 2829 1613 numerum
2870 1566 3066 1630 genus
3113 1547 3432 1641 prioribus
3474 1552 3584 1619 mi

329 1644 598 1731 joperis
641 1643 951 1709 materiem
992 1651 1274 1724 utuntur,
1319 1654 1389 1711 ut
1428 1666 1650 1714 numus
1681 1646 1945 1715 nascitu·
2014 1641 2308 1724 rabilius,
2396 1643 2694 1736 quodque
2773 1645 2981 1715 minus·
3054 1644 3122 1715 in
3189 1650 3582 1736 suspiciones

304 1818 319 1824 ,
376 1767 491 1823 rus
532 1741 811 1829 ejusdem
854 1742 939 1811 sit
974 1753 1259 1831 spectato
1303 1745 1560 1815 metallo
1603 1756 1880 1815 naturae.
2015 1753 2216 1831 patet,
2295 1748 2599 1833 cujusque
2663 1754 2733 1815 ut
2780 1746 2974 1815 evites
3027 1746 3322 1835 laqueos,
3394 1774 3581 1843 opor·

372 1892 377 1895 Α
552 1843 789 1930 Negari
825 1846 1075 1932 nequit,
1148 1867 1374 1915 numos
1428 1848 1557 1917 hoc
1609 1847 1807 1917 modo
1840 1869 1950 1936 pa·
2013 1854 2104 1915 tet
2174 1867 2437 1931 magnos
2513 1848 2580 1915 in
2654 1863 2984 1917 numerum
3057 1850 3419 1919 mechanica
3491 1853 3579 1921 fe·

376 1958 551 2017 ratos
601 1945 914 2016 difficilius
975 1945 1275 2029 discerni,
1344 1959 1407 2017 et
1459 1950 1740 2068 plurimis
1784 1951 1948 2019 hane
2013 1947 2174 2014 cisse
2216 1967 2604 2034 progressus.
2691 1948 2986 2037 Intelligo
3019 1971 3243 2020 numos
3269 1966 3415 2023 vere
3445 1956 3576 2044 qui·
3690 1944 3730 1990 Ψ

373 2048 685 2118 fraudem
708 2069 848 2117 esse
900 2047 1182 2130 fatalem,
1269 2051 1606 2139 praecipue
1654 2053 1723 2118 in
1778 2074 1945 2120 com·
2012 2045 2156 2117 dem
2217 2056 2493 2130 veteres,
2581 2048 2697 2119 sed
2783 2051 3009 2140 quibus
3094 2073 3297 2123 novae
3358 2046 3576 2127 inseri-

377 2149 676 2242 pti-andis
716 2150 1158 2236 imperatorum
1200 2153 1548 2237 argenteis,
1591 2174 1753 2240 quos
1795 2174 1940 2240 pro·
2008 2149 2294 2236 ptiones,
2350 2168 2517 2219 nova
2574 2152 2808 2239 capita,
2873 2153 3028 2223 novi
3070 2154 3207 2240 typi
3248 2154 3405 2223 mira
3445 2165 3577 2225 arte

375 2263 519 2343 pter
570 2252 797 2321 arctius
851 2251 1147 2319 volumen
1198 2252 1441 2349 facilius
1499 2253 1650 2321 licet
1697 2254 1939 2323 imitari.
2007 2248 2411 2319 sufficiuntur.
2531 2249 2676 2319 Hos
2744 2274 2883 2321 cum
2957 2275 3398 2342 comparavere
3462 2279 3578 2327 nu·
3592 2322 3600 2335 ,

374 2356 508 2423 Vix
558 2362 807 2423 exstant
858 2374 1104 2436 musea,
1173 2376 1332 2442 quae
1386 2376 1517 2425 non
1576 2357 1943 2423 contineant
2005 2373 2248 2423 morum
2303 2349 2600 2431 studiosi,
2673 2354 2771 2423 sui
2828 2355 3030 2427 securi
3081 2355 3336 2428 fraudis
3373 2358 3572 2445 suspi-

374 2478 601 2527 numos
642 2455 764 2522 hae
802 2455 1049 2523 ratione
1087 2455 1411 2524 confictos.
1537 2458 1942 2545 Gynaeoeum
2007 2453 2254 2525 cionem
2323 2451 2549 2540 procul
2621 2452 2887 2538 habent,
2986 2458 3134 2545 quia
3198 2480 3343 2539 vere
3416 2461 3570 2531 anti-

354 2548 667 2647 Traiani,
723 2557 1054 2638 Pertinax,
1119 2556 1268 2625 Did.
1313 2557 1622 2642 Julianus,
1678 2559 1951 2630 Pescen·
2011 2576 2173 2643 quos
2236 2556 2668 2651 experiuntur,
2756 2556 2873 2625 sed
2936 2558 3042 2644 qui
3106 2558 3307 2629 nihilo
3367 2562 3569 2633 minus

377 2662 553 2745 nius,
598 2656 728 2729 du'o
775 2656 1086 2726 Gordiani
1125 2657 1435 2742 Africani,
1489 2660 1943 2751 Tranquillitas,
2010 2656 2154 2727 falsi
2196 2664 2371 2738 sunt,
2459 2658 2605 2745 quia
2649 2679 2721 2724 re
2761 2657 2932 2775 ipsa·
2967 2680 3006 2727 a
3045 2660 3211 2731 veris
3254 2658 3572 2735 differunt.

380 2760 681 2832 Cornelia
733 2760 979 2847 Supera
1026 2756 1253 2830 millies
1312 2760 1396 2832 ad
1448 2760 1612 2830 hanc
1664 2760 1942 2832 fraudem
2010 2761 2245 2846 Suapte
2307 2767 2510 2846 patet,
2571 2759 2835 2830 nonnisi
2905 2761 2973 2832 in
3032 2761 3188 2834 raris
3261 2764 3569 2854 capitibus

372 2874 515 2935 sunt
552 2863 798 2945 vocati,
836 2871 900 2930 et
940 2859 1165 2932 doctus
1208 2884 1346 2930 sum
1385 2863 1804 2952 experientia,
1861 2886 1943 2936 ex
2009 2872 2075 2933 et
2145 2861 2316 2948 typis
2381 2859 2544 2932 hanc
2613 2859 2894 2930 &audem
2973 2861 3213 2932 instrui
3351 2866 3569 2954 Maior

368 2951 611 3036 horum
662 2963 865 3032 numia
916 2961 1135 3045 XX,
1173 2983 1336 3051 quos
1390 2969 1604 3036 niusea
1654 2965 1734 3034 ab
1786 2965 1943 3036 urbe
2007 2983 2227 3034 eorum
2277 2981 2424 3051 pars
2468 2982 2551 3038 ez
2591 2960 2772 3030 Italia
2811 2960 3099 3044 infertur,
3178 2984 3300 3051 qua
3351 2967 3420 3036 in
3470 2992 3567 3037 re-

375 3071 643 3138 nostra
664 3065 951 3153 principe
1011 3066 1352 3136 remotiora
1408 3068 1759 3150 continent,
1830 3068 1941 3140 vix
2003 3066 2199 3151 gione
2249 3073 2541 3151 coeptum
2593 3071 2690 3134 est
2741 3063 2870 3134 hoc
2922 3062 3118 3134 modo
3165 3081 3566 3157 corrumpere

373 3157 563 3243 unum
606 3167 945 3238 alterumve
984 3188 1127 3236 esse
1168 3191 1207 3236 a
1242 3168 1464 3240 fraude
1504 3172 1851 3242 immunem.
1938 3173 1945 3182 '
2004 3188 2262 3248 numos,
2349 3186 2432 3238 ex
2509 3186 2637 3253 quo
2709 3165 2955 3256 priores
3024 3165 3200 3239 modi
3280 3168 3566 3259 frequen-

545 3270 894 3360 Praecipua
946 3268 1075 3338 duo
1128 3271 1196 3339 in
1246 3271 1369 3342 hac
1411 3293 1619 3342 causa
1637 3282 1782 3344 sunt
1823 3271 1938 3343 ob·
2002 3270 2166 3340 tiore
2206 3289 2325 3338 usu
2366 3263 2602 3353 cogniti
2639 3268 2764 3338 vim
2806 3267 3081 3342 nocendi
3122 3270 3399 3340 amisere.

376 3372 715 3456 servanda,
768 3372 827 3442 1.
870 3371 1117 3456 literae,
1182 3373 1263 3444 ΙΙ.
1307 3395 1454 3444 area
1493 3374 1681 3445 numi.
1781 3371 1940 3444 Cum
2172 3369 2417 3442 Placuit
2468 3357 2681 3457 igitur,
2751 3392 3002 3446 numum
3056 3373 3406 3462 quempiam
3455 3398 3566 3446 m-

376 3477 432 3546 is
472 3475 647 3559 fusus
690 3482 819 3555 est,
872 3473 1091 3544 literae
1130 3486 1433 3564 apparent
1462 3497 1685 3564 vagae,
1732 3496 1938 3563 neque
2002 3475 2239 3562 tiquum
2300 3469 2597 3560 quidem,
2653 3470 2771 3544 sed
2833 3473 3088 3545 obvium
3137 3473 3203 3544 in
3262 3476 3564 3548 rariorem
3681 3529 3684 3532 -

377 3576 574 3648 nitide
614 3599 731 3650 ex
780 3596 926 3646 area
990 3578 1376 3666 prominent,
1465 3587 1530 3648 et
1586 3597 1935 3670 agnoscun-
2003 3576 2194 3646 alium
2268 3572 2737 3656 transformare,
2818 3598 2879 3642 v.
2938 3597 2991 3646 c.
3058 3596 3318 3648 aeneum
3379 3578 3561 3650 Clau

380 3687 488 3746 tur
540 3677 797 3764 vestigia
832 3677 975 3746 scal
1021 3680 1107 3762 ri,
1179 3681 1235 3748 si
1294 3680 1421 3756 hoc
1479 3675 1629 3752 illae
1690 3679 1937 3766 adjutae
2002 3679 2094 3748 dii
2148 3675 2523 3766 Antiochiae
2588 3676 2814 3758 Syriae
2865 3676 2932 3746 in
2988 3676 3336 3758 Othonem,
3399 3679 3560 3752 Fau·

378 3778 846 3867 fuero.1‹:rgo
901 3802 979 3848 so
1035 3781 1174 3850 cite
1213 3781 1662 3871 indagandum,
1735 3790 1941 3852 ιιιιιιιιι
2003 3782 2227 3849 atinam
2288 3780 2599 3845 seniorem
2667 3778 2987 3845 commatis
3031 3769 3443 3852 Alexandrini
3493 3783 3561 3852 in

377 3878 601 3947 literae
670 3902 886 3951 omnes
931 3881 1233 3952 eandem
1316 3894 1651 3973 sequantur
1732 3884 1939 3970 legem
2001 3884 2340 3964 Titianam,
2442 3881 2756 3948 Domuum
2826 3879 2896 3950 in
2971 3877 3222 3952 Didiam
3294 3880 3559 3986 Claram,

381 3991 447 4049 et
507 3982 800 4066 formam,
862 4006 968 4050 an
1054 4007 1264 4054 earum
1350 3986 1525 4054 nulla
1611 3984 1935 4067 claudicet,
2003 3983 2357 4054 Macrinum
2427 3981 2715 4055 coloniae
2781 3980 2849 4052 in
2907 3980 3352 4065 Pescennium,
3442 3986 3561 4052 Or·

378 4081 498 4150 sed
539 4107 760 4152 omnes
805 4085 1023 4151 eadem
1064 4085 1293 4153 fiducia
1334 4107 1418 4154 ex
1460 4109 1602 4154 area
1646 4088 1937 4154 existant.
2003 4089 2302 4158 bianum
2335 4086 2540 4172 magni
2606 4083 2767 4150 aeris
2837 4084 2905 4154 i'n
2973 4083 3243 4154 Anniam
3318 4084 3377 4156 F
3377 4088 3559 4156 ansts

382 4182 538 4249 Cum
590 4185 751 4252 haec
792 4171 1083 4270 deerunt,
1137 4210 1397 4254 numum
1431 4197 1783 4277 suspectum
1824 4209 1936 4277 pn-
2002 4212 2179 4271 nam,
2265 4185 2640 4268 Mamaeam
2675 4185 2744 4256 in
2797 4186 3328 4276 Tranquilliuam,
3413 4185 3556 4256 Phi·

261 4325 268 4330 ·
368 4291 463 4372 ta.
580 4287 777 4365 Quod
819 4288 903 4354 ad
944 4309 1149 4357 aream
1193 4292 1439 4373 attinet,
1514 4313 1588 4357 ea
1628 4291 1695 4356 in
1736 4291 1937 4357 numia
2004 4294 2244 4383 lippum
2304 4299 2543 4378 patrem
2606 4286 2709 4356 vel
2770 4287 3168 4358 Valerianum
3218 4288 3287 4352 in
3350 4284 3556 4358 Aemi·

376 4382 543 4456 fineis
582 4408 716 4458 ιιοιι
757 4410 987 4479 aeque,
1056 4413 1131 4460 ac
1178 4393 1491 4484 percussis
1540 4390 1781 4478 integra
1821 4400 1936 4475 est,
2000 4394 2236 4463 lianum
2277 4402 2394 4462 ete.
2469 4387 2651 4457 Nihil
2680 4389 2931 4472 .,obstat
2975 4388 3183 4462 vultus
3224 4386 3556 4458 lineamen-

372 4485 499 4555 sed
570 4488 865 4576 exiguis
850 4494 1190 4576 hiatibus,
1259 4517 1421 4584 quos
1489 4495 1767 4580 ingressa
1818 4493 1937 4566 im·
2004 4506 2072 4566 ta
2110 4496 2178 4566 in
2219 4493 2319 4562 his
2362 4490 2741 4579 aliquantum
2784 4489 3050 4564 differre·
3137 4487 3332 4569 Quod
3361 4488 3557 4566 deest,

3047 4615 3162 4695 q2

2975 4734 2993 4756 .
3101 4741 3108 4753 ,
