4500 5650
284 2128 291 2135 .
414 2126 423 2131 -
468 2064 776 2153 propriis,
865 2070 972 2129 aut
1051 2060 1399 2150 proborum
1472 2061 1904 2169 catalogorum
1968 2064 2039 2161 ii·

302 2236 335 2271 .-
471 2166 559 2234 de
598 2174 742 2235 sunt
782 2162 1039 2249 cogniti.

1572 351 2200 461 “(3Αι’νΤ
2300 320 2630 487 Χιιιι.ι
3127 422 3144 435 κ
3289 356 3300 361 ’
3465 406 3742 462 cmx·

464 550 525 617 si
578 510 879 623 vellemus
938 534 1257 612 Goltzlum
1306 543 1509 623 malae
1571 544 1721 613 fidei
1780 545 2038 613 convin-
2104 545 2231 612 tab.
2285 518 2466 615 XIII.
2519 567 2580 613 ιι.
2640 550 2754 627 10,
2806 466 3198 641 tributusque
3239 547 3510 625 Nisaeae
3560 551 3674 620 At-

472 670 645 730 eere,
699 667 962 714 necesse
1015 646 1181 713 foret
1231 645 1491 714 eandem
1546 647 1752 715 dicam
1806 646 2037 715 scribe-
2104 649 2294 729 ticae,
2331 668 2487 732 cum
2540 647 2622 713 sit
2676 656 2914 725 certus
2938 647 3332 737 Metaponti,
3388 650 3673 755 talisque,

464 772 541 819 re
592 748 905 843 Arigonio
973 750 1246 836 optimae
1307 746 1459 813 fidei
1511 749 1785 830 auctori,
1820 750 2036 832 cujus
2105 748 2351 838 qualem
2411 748 2743 845 proposui,
2811 771 2851 814 a
2914 770 3015 815 me
3082 752 3235 816 olim
3302 773 3385 818 ex
3453 775 3673 821 museo

364 930 373 937 ,
465 849 721 919 tabulae
816 844 1003 935 hujus
1085 858 1343 916 naturae
1438 850 1667 916 naevis
1745 849 2041 936 oppletae
2109 853 2420 918 Caesareo
2505 840 2738 931 editus,
2829 859 3015 939 atque
3101 853 3286 917 etiam
3370 853 3466 920 ab
3536 854 3675 922 aliis

473 960 663 1018 sunt.
721 950 959 1018 Verum
1001 950 1257 1017 alterius
1296 950 1562 1036 generis
1584 959 1733 1018 sunt
1772 949 2041 1039 plurima
2109 953 2297 1034 alibi,
2351 974 2512 1041 quos
2565 952 2750 1018 citavi
2802 951 2871 1017 in
2919 974 3058 1021 mea
3101 953 3369 1039 Sylloge
3421 955 3492 1021 I.
3534 967 3692 1043 pag:
3740 943 3751 950 ’
3793 976 3802 1005 ⁵
3839 1044 3852 1049 -

476 1051 711 1120 Goltzii
796 1051 1181 1135 testimonia,
1268 1073 1352 1118 ex
1417 1051 1645 1168 quibffts
1717 1050 2041 1119 manifeste
2108 1059 2166 1123 7.
2257 1056 2404 1153 Quo
2451 1074 2602 1140 ergo
2647 1062 2833 1141 pacto
2877 1054 2945 1119 in
2986 1074 3239 1120 numum
3293 1074 3482 1123 unum
3523 1079 3674 1125 eun-
3771 1102 3776 1107 ·

470 1153 773 1234 emimus,
842 1152 977 1221 non
1029 1175 1170 1221 eum
1233 1151 1411 1223 bono
1475 1150 1714 1235 animo,
1781 1163 1846 1220 et
1899 1152 2037 1219 abs·
2109 1154 2373 1243 demque
2457 1156 2730 1271 irrepere
2814 1150 3022 1240 pot'uit
3115 1156 3472 1247 epigraphe
3545 1161 3684 1227 ΝΙ

470 1275 595 1343 que
644 1224 881 1321 fraudis
940 1254 1273 1327 voluntate.
1312 1252 1588 1341 lapsum,
1640 1254 1758 1322 sed
1798 1263 2035 1342 suopte
2104 1257 2449 1336 ΣΑΙΩΝ,
2495 1257 2620 1324 nisi
2660 1236 2930 1323 conIicta
2971 1254 3110 1323 est?

464 1355 723 1442 ingemo
785 1355 999 1422 numia
1060 1372 1209 1422 vere
1269 1356 1552 1441 genuinis
1623 1355 1858 1425 alienas
1942 1356 2038 1421 in·
2254 1406 2262 1413 .

467 1457 848 1547 scriptiones
893 1455 1254 1522 adfluxisse.
1324 1454 1519 1535 Quod
1562 1459 1696 1542 ejus
1738 1457 2033 1545 proposi·
2421 1495 2432 1499 >
2650 1428 2832 1494 TAB·
2875 1428 2927 1491 Ῑ·
2974 1450 3033 1493 ²⁸·
3078 1430 3141 1496 3·

465 1569 603 1626 tum
642 1571 714 1624 nt
754 1557 972 1645 plane,
1030 1552 1096 1623 οι
1145 1557 1247 1622 eui
1296 1555 1643 1624 contradici
1700 1578 1834 1627 non
1886 1579 2035 1646 pos·
2276 1559 2647 1628 Goltzianus
2688 1569 2787 1628 est
2826 1561 2895 1627 in
2937 1546 3167 1627 Insulis
3210 1555 3338 1624 tab.
3359 1556 3669 1629 XXVIII.

464 1661 593 1739 sit,
655 1657 1063 1743 intelligatur,
1129 1656 1436 1727 nonnulla
1492 1656 1875 1744 exemplaria
1923 1679 2035 1725 nu·
2103 1679 2167 1727 n.
2222 1666 2298 1740 5,
2352 1673 2418 1728 et
2467 1671 2762 1730 vocatus
2788 1660 3055 1727 Calarim
3109 1659 3459 1730 Sardiniae.
3549 1663 3671 1740 Ge·

468 1762 721 1829 morum
770 1757 1257 1826 Goltzianorum
1316 1758 1546 1824 tabulis
1606 1759 1820 1826 aeneis
1885 1761 2034 1826 inci-
2101 1762 2328 1829 nuinus
2380 1762 2538 1830 alter
2597 1772 2695 1849 est
2737 1762 2907 1850 apud
2949 1760 3347 1828 Pellerinium
3393 1762 3794 1832 Reo.11.·

467 1857 711 1935 denda
725 1860 933 1927 curavi
971 1881 1049 1926 ea
1100 1859 1276 1947 lege,
1336 1868 1405 1925 ut
1456 1856 1717 1945 singulis
1770 1880 2034 1947 respon·
2085 1858 2229 1928 ⁴tab.
2287 1861 2455 1931 LIV.
2522 1885 2589 1935 n.
2650 1864 2761 1946 1‘8,
2833 1871 2900 1929 et
2970 1862 3106 1931 sine
3173 1861 3369 1930 dubio
3440 1864 3671 1944 Cymes

469 1946 663 2034 deant
708 1961 912 2043 numi,
956 1960 1199 2049 quales
1260 1960 1450 2027 nobis
1509 1970 1616 2027 aut
1666 1981 1752 2027 ex
1802 1965 2034 2030 museis
2099 1935 2407 2032 Aeolidis.

2540 2136 2727 2200 TAB.
2773 2136 2823 2199 Ι.
2865 2155 2923 2199 π.
2970 2139 3032 2200 4.
3060 2138 3138 2202 5.
3184 2136 3244 2198 6.
3311 2148 3318 2155 ·

830 2358 839 2363 “
960 2332 1143 2398 ΤᾹΒ·
1187 2332 1238 2395 Ῑ·
1282 2337 1593 2399 m01·
1838 2420 1845 2429 .
2102 2364 2228 2433 tab.
2293 2364 2474 2432 XIII.
2536 2385 2599 2431 n.
2671 2370 2792 2448 10,
2870 2365 3110 2433 Goltzii
3173 2362 3524 2452 praestigiis
3590 2387 3700 2439 ex·

650 2419 1043 2533 Goltzianus
1106 2473 1318 2532 exstat
1401 2466 1468 2555 in
1555 2464 1821 2532 Graecia
1903 2463 2034 2533 tab.
2109 2464 2305 2532 obvio
2358 2464 2643 2533 Sidetum
2695 2488 2887 2533 numo
2943 2469 3012 2534 in
3068 2484 3321 2535 numum
3374 2466 3672 2554 Dionysii

474 2564 783 2636 XXVIII.
859 2586 1029 2633 num.
1098 2572 1168 2647 1,
1245 2566 1550 2653 genuinus
1628 2564 1819 2682 apud·
1862 2565 2036 2633 Pem-
2102 2567 2555 2650 Syracusarum
2597 2569 2848 2648 tyranni
2888 2578 3176 2635 mutatus.

477 2670 682 2738 brock
698 2689 788 2755 p.
835 2667 919 2734 11.
960 2665 1089 2747 tab.
1134 2670 1250 2749 16,
1308 2676 1517 2735 exstat
1567 2667 1751 2733 etiam
1786 2666 1867 2732 ιιι
1907 2688 2038 2733 ιιιιι·
2280 2666 2525 2733 Numus
2568 2673 2609 2737 5
2666 2678 2765 2734 est
2812 2666 3050 2735 Ibidem
3091 2667 3222 2735 tab.
3266 2664 3444 2745 XIV.
3488 2688 3549 2734 n.
3606 2674 3711 2755 1,⁴
3767 2690 3773 2698 ·

346 2763 353 2767 ’
475 2792 595 2838 seo
635 2770 733 2837 M.
775 2768 1004 2849 Ducis,
1046 2767 1157 2855 qui
1198 2789 1358 2836 unus
1399 2767 1691 2854 idemque
1734 2775 1860 2847 est,
1914 2765 2069 2856 nisi-
2103 2763 2508 2854 ejusdemque
2573 2767 2901 2856 Dionysii,
2976 2768 3108 2865 sed
3193 2788 3377 2855 quem
3439 2769 3670 2855 -genui-

476 2871 662 2961 quod
744 2869 1067 2938 aberrante
1153 2867 1447 2942 deorsum
1533 2868 1785 2936 matrice
1868 2865 2041 2936 urbis
2106 2888 2258 2935 num
2331 2868 2634 2955 opposui,
2708 2867 2912 2933 editus
2979 2871 3077 2934 est
3131 2888 3171 2932 a
3220 2869 3669 2953 Barthelemyo
3809 2921 3816 2928 .

446 2973 721 3044 ‘nomen
771 2969 1085 3037 exclusum
1134 2969 1270 3037 fuit.
1352 2970 1515 3038 Eum
1556 2969 1820 3057 primum
1872 2965 2044 3033 edidi
2094 2969 2183 3037 Β.
2224 2968 2301 3039 L.
2342 2969 2421 3033 Τ.
2462 2962 2679 3035 XXX.
2722 2989 2791 3056 p.
2834 2971 2986 3048 427,
3032 2966 3314 3054 aliisque.
3567 3045 3584 3060 ¹

382 3155 393 3164 ,
468 3069 567 3143 sn
589 3061 747 3140 meis
793 3070 1182 3140 Nmisw‘et.
1227 3091 1374 3158 pag.
1420 3076 1538 3152 42,
1592 3070 1792 3140 serius
1840 3066 2040 3135 multo
2280 3065 2534 3135 Numus'
2574 3073 2621 3136 6
2674 3077 2773 3134 est
2826 3067 3062 3135 ibidem
3111 3089 3173 3136 n.
3213 3075 3279 3138 2.
3336 3078 3400 3134 et
3448 3071 3670 3137 itemm
3749 3065 3768 3075 ’

471 3171 841 3244 adcoeatius
884 3171 949 3236 in
1002 3171 1277 3259 Sylloge
1321 3173 1371 3238 Ι.
1416 3191 1556 3259 pag.
1604 3176 1711 3258 10.
1794 3168 2039 3236 Numus
2103 3170 2433 3254 Dionysii,
2505 3190 2689 3288 quem
2748 3173 2990 3238 evertit
3007 3169 3265 3257 positus
3310 3174 3532 3256 juxta
3564 3189 3690 3257 ge·-

372 3339 377 3348 .
470 3284 679 3346 oen-tus
719 3284 817 3341 est
858 3273 1175 3340 Crotonis.
1261 3272 1427 3338 Satis
1471 3275 1762 3360 appar'et,
1814 3272 1883 3338 in
1923 3290 2035 3358 nu·
2103 3273 2352 3355 nuinus,
2437 3272 2602 3360 qui
2630 3280 2838 3341 exstat
2903 3273 2975 3340 in
3042 3293 3260 3342 museo
3329 3272 3660 3354 Caesareo

467 3401 579 3447 mo
646 3374 986 3445 Goltziano
1053 3374 1437 3462 epigraphen
1494 3371 1678 3440 KPO
1689 3371 1879 3439 TON
1930 3372 2038 3439 aut
2103 3382 2169 3442 et
2209 3371 2382 3446 alibi.

470 3477 767 3571 perinde,
819 3485 1008 3564 atque
1048 3476 1127 3542 in
1157 3497 1347 3544 numo
1389 3473 1489 3542 M.
1534 3471 1760 3557 Ducis,
1804 3472 2035 3542 abfuis-
2272 3458 2377 3540 De
2427 3473 2681 3541 intrusis
2731 3472 2831 3540 his
2881 3422 3180 3557 Dionysii
3241 3476 3444 3544 numis
3508 3475 3668 3546 nihil
3687 3485 3701 3496 “
3775 3563 3790 3568 ς
3853 3559 3862 3566 ·
3904 3499 3912 3509 ·

475 3604 583 3663 se,
633 3589 738 3650 aut
788 3576 984 3645 fuisse
1036 3577 1363 3657 extritam,
1417 3575 1522 3643 cui
1570 3584 1816 3642 suomet
1878 3571 2041 3643 arbi-
2107 3584 2433 3665 praeterea
2500 3574 2705 3658 addo,
2793 3575 2942 3662 quia
3017 3597 3237 3644 eorum
3305 3578 3502 3646 crisin
3564 3575 3670 3643 ab·

408 3747 413 3754 .
482 3682 611 3750 trio
648 3678 897 3762 suffecit
946 3677 1492 3756 ΑΓΕΣΣΙΩΝ,
1549 3661 1884 3763 tribuitque
1931 3698 2043 3743 nu
2107 3676 2277 3748 unde
2317 3698 2682 3813 peragemus
2722 3678 2794 3746 in
2833 3683 2977 3820 ejus
3011 3680 3263 3763 tyranni
3302 3663 3570 3748 moneta.

452 3801 655 3854 mum
692 3766 937 3870 Agesso
981 3779 1115 3848 sive
1152 3779 1489 3861 Thraciae,
1546 3779 1680 3847 sive
1732 3777 2039 3847 Macedo·
2116 3821 2119 3832 -
2213 3837 2221 3848 .

478 3883 630 3952 niae
711 3880 895 3948 urbi
939 3889 1065 3947 tam
1126 3880 1424 3967 ignobili,
1512 3889 1613 3946 ut
1645 3902 1730 3949 ne
1787 3879 2046 3967 quidem
2497 3929 2506 3936 .
2629 3848 2811 3922 ΤΑΒ·
2858 3850 2943 3915 Π·
2989 3871 3049 3916 ¹⁸·
3095 3856 3152 3917 1·

477 3983 568 4054 de
628 3985 766 4068 ejus
838 3982 1289 4071 orthographia
1338 3981 1513 4050 satis
1542 3979 1703 4092 inter
1764 3981 2044 4051 eruditos
2166 4015 2173 4022 -
2283 3967 2656 4047 Goltzianus
2712 3979 2818 4045 hic
2860 3980 3278 4068 cistophorus
3322 3990 3438 4047 ea*
3456 3981 3527 4048 in
3566 3971 3678 4047 In?

476 4076 832 4154 conveniat.
1312 4147 1315 4148 γ
2070 4079 2268 4148 sulis
2342 4078 2469 4150 tab.
2523 4080 2635 4147 III.
2699 4100 2762 4147 n.
2811 4086 2887 4160 5,
2960 4091 3026 4149 et
3077 4073 3392 4152 vocabulo
3441 4085 3668 4151 KPH·
3778 4123 3782 4128 ·
3893 4081 3900 4088 ’

2119 4181 2431 4269 ΤᾼΙΩΝ
2488 4183 2686 4250 emit
2749 4184 3093 4268 Cretensis,
3169 4185 3285 4253 sed
3346 4185 3665 4271 nugame-

976 4253 1155 4319 TAB·
1202 4255 1257 4321 Ῑ·
1300 4273 1460 4322 mm·
1500 4256 1562 4322 2·
1942 4333 1977 4346 ,ι
2109 4303 2260 4350 num
2339 4284 2404 4350 vi
2475 4287 3021 4372 monogrammatis
3091 4289 3306 4353 ΠΕΡ.
3393 4283 3666 4372 exploso
3717 4293 3722 4298 ’
3841 4283 3850 4316 ’·

553 4353 559 4358 ’
659 4381 1031 4476 Gonnum
1115 4396 1335 4482 captus
1410 4395 1519 4453 -οει
1590 4405 1683 4451 οι
1738 4384 2046 4488 tenaciae
2110 4385 2480 4472 subreptitio
2521 4387 3070 4482 ΚΡιιῑιἈῑῼΝχ
3083 4386 3271 4462 efficit
3310 4405 3531 4458 numus
3571 4408 3666 4454 re,
3757 4475 3761 4480 ‚

2276 2265 2522 2331 Nunrus
2574 2272 2616 2334 4
2662 2264 3033 2333 Goltzianus
3091 2272 3299 2331 exstat
3348 2263 3415 2331 in
3458 2263 3673 2330 Sicilia
3765 2290 3774 2300 ·
