4500 5650
1667 495 1723 566 G
1769 497 1831 566 A·
1891 497 1950 565 P
2007 494 2067 561 V
2122 494 2221 565 T.
2265 496 2446 573 ·vl.›·

435 651 748 739 placuisse
761 699 782 732 ‚
873 653 1173 720 continuo
1245 652 1462 721 eadem
1531 655 1847 742 signatam·
1908 676 2003 727 ra-.

436 754 611 819 tione
654 752 1011 836 crediderit,
1059 777 1181 843 qua
1222 755 1319 822 sui
1360 756 1509 824 aevi'
1541 761 1765 825 numos
1797 756 2002 842 signa·

438 852 543 921 to's
594 854 767 922 vidit.
866 855 1168 924 Fortasse
1234 855 1528 947 ventilata
1580 858 1691 925 ina
1749 868 2003 925 moneta

438 954 717 1025 scortea.
745 956 918 1023 aliud
951 1013 958 1021 .
986 981 1119 1047 non
1173 959 1347 1042 fuit,-
1391 980 1574 1048 quam
1625 959 1824 1046 pelles
1886 959 2000 1026 bo-

438 1061 647 1143 vinae,
734 1061 809 1126 si-
857 1070 999 1148 'qua
1083 1065 1255 1149 regio
1326 1063 1575 1148 pascuis
1637 1056 1997 1148 abundavit,

436 1181 556 1248 pro
613 1157 753 1226 aliis
806 1163 1114 1227 mercibus
1167 1180 1488 1249 repensae.
1590 1164 1758 1230 Sane
1816 1163 2027 1255 scho-⁸

439 1262 625 1329 liasta
673 1261 973 1353 Aristidis¹
1025 1261 1106 1330 ad
1167 1283 1307 1328 eum
1373 1263 1610 1346 locum,
1674 1284 1800 1349 quo
1861 1286 1999 1331 ora-

439 1375 544 1430 tor
617 1363 722 1430 hic
793 1363 1334 1449 Carthaginienses
1403 1361 1671 1451 pecunia
1752 1373 2005 1430 scortea

440 1488 593 1534 usos
634 1465 941 1551 narrat¹)‚
995 1466 1153 1533 haec
1193 1466 1411 1534 habet:
1454 1485 1653 1533 τουτο
1700 1466 1770 1531 δε
1812 1467 2000 1551 leyen,

442 1566 563 1653 οὐχ
617 1565 724 1634 ὁτι
776 1589 1048 1633 snm-wa
1116 1590 1501 1653 nopae-optata
1564 1573 1805 1657 dxcv,
1831 1566 2033 1633 data>

437 1671 693 1756 ,θυρσας
730 1686 1063 1755 παρειχον,
1106 1667 1193 1745 ὥς
1232 1673 1629 1777 ποιλυθηρον
1672 1675 2005 1751 οὶκουντες

435 1793 703 1856 χωριον,
742 1790 856 1835 και
900 1766 1109 1847 οὑτως
1151 1766 1188 1835 ὁ
1236 1748 1623 1855 {fiuvium-0,
1679 1768 2004 1856 ἑδεχοντο.

368 1872 1025 1957 ‚mnam-offlam
1092 1870 2006 1955 nonquaeisconeoenmos

446 1974 803 2083 habuissent,
842 1977 952 2038 sed
988 1978 1131 2057 quia
1164 1975 1356 2055 pelles
1398 1975 1746 2059 obtuleram,
1792 1982 2004 2059 qm‘qme

447 2046 744 2156 regionem
788 2068 1144 2140 animalibus
1195 2075 1506 2158 refertam
1533 2076 1890 2153 habitandos,
1950 2087 2041 2163 et⁸

446 2177 815 2253 mnodo,
901 2146 1526 2260 quaem-amsa,
1615 2182 2000 2244 redamemus.

364 2305 369 2309 ·
442 2274 617 2341 Vide
660 2275 757 2373 de¹
797 2276 927 2341 hoc
969 2287 1334 2371 argumento
1378 2275 1561 2365 plura
1603 2276 1772 2364 apud
1816 2278 2011 2364 Sper-·

442 2378 699 2463 lingium
763 2398 898 2465 cap.
965 2378 1280 2447 XXXIIL
1391 2379 1677 2445 Ceterum
1741 2377 2006 2446 inficiari

442 2477 632 2568 plane
672 2478 877 2567 neque
917 2479 1102 2563 volo,
1161 2498 1365 2567 neque
1407 2499 1697 2570 possum,
1753 2480 2002 2562 ferrum,

446 2592 763 2662 stannum,
838 2581 1165 2669 plumbum·
1228 2582 1294 2647 in
1355 2581 1678 2648 nonnullis
1746 2581 2003 2669 civitati·

444 2684 565 2770 bus
649 2684 950 2781 pecuniae
1030 2682 1228 2749 vicem
1313 2684 1730 2770 praestitisse,
1818 2692 2005 2771 atq-ue

442 2785 628 2855 etiam
690 2783 930 2851 corium
1000 2804 1131 2850 non
1194 2786 1477 2873 potuisse
1539 2785 1632 2852 sic
1672 2786 2002 2873 ⁸apparari,

446 2899 516 2955 ut
555 2890 621 2953 in
664 2886 925 2954 similem
968 2906 1146 2953 usum
1190 2888 1465 2956 serviret.
1529 2886 1811 2974 Suadere
1835 2886 2002 2955 istud

447 2997 744 3077 poterant
828 3009 1047 3054 causae
1112 2988 1328 3058 civiles
1339 2998 1372 3070 ,“
1445 2989 1720 3080 exempli
1795 3009 2000 3072 causa,

450 3101 521 3178 ut
569 3087 828 3178 p'rivatis
891 3082 1231 3157 ditescendi
1295 3099 1642 3182 amputetur
1700 3100 2000 3179 opportu-

441 3194 626 3262 nitas.
711 3194 810 3258 Ac
849 3202 1185 3279 propterea
1227 3190 1514 3280 quidem,
1569 3201 1637 3259 ut
1676 3212 1867 3280 supra
1910 3191 1999 3258 di·

441 3281 679 3376 ximus,
727 3292 1221 3360 *Lacedaemonii
1275 3293 1504 3360 ferrum
1557 3293 1625 3360 in
1675 3294 2003 3381 pecuniam

440 3405 1007 3485 repraesentarunt,
1072 3404 1296 3482 atque
1392 3393 1578 3460 etiam
1674 3392 1837 3461 illud
1920 3393 2005 3461 ad

443 3513 848 3589 quoscunque
901 3497 1086 3564 ’alios
1144 3517 1306 3569 -usus
1379 3495 1659 3584 inepttun
1714 3493 2003 3563 reddide-

442 3610 605 3670 runt.
691 3599 873 3668 Plato
886 3648 907 3683 ‚
986 3621 1125 3666 cum
1178 3601 1245 3666 in'
1291 3618 1404 3666 sua
1454 3598 1703 3692 civitate
1745 3597 2003 3685 privatis

588 4522 638 4591 1)
675 4523 819 4580 Orat·
853 4477 1055 4580 I'laton.
1078 4527 1145 4594 'p-
1178 4542 1246 4576 m.
1283 4515 1400 4578 145.

1535 4518 1613 4586 m)
1647 4515 1711 4574 «ιε
1746 4515 1918 4587 test.
1954 4516 2014 4571 L.
2044 4479 2111 4577 ἰ
2148 4511 2358 4590 1».-242.

3527 514 3646 621 3¹¹

2071 675 2286 721 aurum
2351 662 2416 722 et
2483 622 2803 742 argentum
2873 646 3299 738 interdiceret,
3363 657 3645 742 permisit

2068 764 2279 824 tamen
2335 758 2694 847 pecuniam,
2760 755 2874 823 sed
2937 762 3072 842 eJ'us
3129 766 3413 838 naturae„
3484 778 3643 844 quae

2050 856 2303 925 ‘civitati
2360 867 2527 933 esset
2578 859 2645 925 in
2700 861 2941 946 preti0‚
3012 859 3092 925 ab
3159 859 3437 925 externis
3492 879 3646 945 verq

2048 952 2681 1040 ”contemneretur-3²).
2771 961 2923 1044 Ejus
2968 960 3284 1027 materiam
3329 980 3463 1026 non
3508 961 3639 1046 qui-

2068 1060 2215 1128 dem
2254 1062 2733 1159 nominat,·sed
2757 1084 2859 1128 xex
2899 1060 3053 1148 ipsis
3081 1064 3231 1145 eius
3274 1060 3487 1126 verbis
3533 1072 3648 1147 pa:

2070 1172 2215 1244 tet„
2247 1162 2441 1230 fuisse
2495 1165 2791 1231 intentam
2831 1161 3194 1249 ignobilem.
3285 1160 3400 1226 Sin
3443 1161 3666 1242 istud,⁸

2067 1272 2323 1330 moneta
2368 1263 2526 1353 haec
2579 1284 2710 1331 non
2762 1274 2888 1330 tam
2928 1262 3192 1350 pecunia
3242 1260 3393 1343 fuit,
3455 1284 3641 1350 quam

2069 1364 2598 1451 pseudomoneta‚
2671 1375 2733 1431 et
2797 1366 3100 1452 pecuniae
3171 1363 3491 1451 quoddam
3537 1368 3682 1433 isis
3807 1374 3816 1377 ’
3895 1348 3902 1377 “

2069 1484 2286 1551 gnum,
2354 1476 2540 1551 atque
2605 1470 2737 1551 ejus
2795 1475 3079 1547 naturae,
3143 1486 3266 1553 qua
3318 1465 3639 1552 hodieque

2072 1567 2539 1637 communitates
2628 1566 2965 1655 quaedam,
3009 1587 3177 1665 .fceu
3262 1568 3633 1654 ptochotro-

2071 1669 2252 1758 phia,
2363 1669 2762 1750 nosocomia,
2886 1666 3289 1735 xenodochia
3335 1690 3344 1701 ’
3396 1669 3650 1739 laminis·

2073 1769 2446 1859 quibusdam
2506 1781 2675 1838 certa
2741 1761 2895 1838 nota
2949 1772 3205 1854 signatis
3272 1792 3391 1858 pro
3453 1792 3639 1859 pecu·
3729 1848 3740 1855 ,

2070 1874 2208 1938 nia
2225 1881 2509 1953 utuntur,
2572 1894 2731 1960 quae
2784 1881 3021 1939 tantum
3073 1872 3241 1938 intus
3298 1895 3478 1939 suum
3529 1875 3639 1939 ha·

2070 1971 2227 2042 bent
2287 1974 2596 2052 valorem,
2677 1970 2831 2038 foris
2899 1983 3105 2043 autem
3170 1993 3430 2057 prorsus
3497 1988 3642 2042 sunt
3747 2014 3754 2019 ·

2069 2074 2376 2146 inutiles.
2444 2075 2845 2161 Quapropter
2926 2062 3318 2160 nequaquam
3393 2075 3645 2158 mirum,

2073 2175 2306 2244 similes
2413 2177 2715 2262 pecuniae
2815 2176 3059 2293 species
3160 2174 3246 2241 ob
3323 2178 3641 2245 materiae

2072 2278 2380 2363 ignavi-am
2454 2277 2590 2344 aevi
2654 2277 2902 2362 injuriis
2967 2277 3258 2345 resistere
3324 2298 3458 2347 non
3511 2296 3644 2366 po··
3663 2338 3670 2353 ,

2071 2379 2283 2447 tuisse.
2347 2422 2358 2431 ·

2243 2479 2350 2546 Ad
2429 2480 2806 2545 mentionem
2879 2496 3206 2545 numorum
3293 2450 3644 2566 ligneorum

2073 2590 2155 2667 et,
2209 2589 2628 2671 testaceorum
2706 2574 2865 2646 nihil
2903 2607 2910 2617 ·
2947 2581 3209 2668 amplius
3286 2581 3648 2653 addendum
3695 2566 3706 2579 ’
3745 2628 3752 2639 ·

2074 2702 2335 2762 censeO,
2402 2684 2547 2769 quia
2603 2703 2978 2771 quocunque
3023 2682 3125 2749 ⁴illi
3186 2682 3383 2750 modo
3426 2696 3639 2751 m'one·
3715 2706 3728 2719 “

2072 2793 2174 2851 tae
2224 2804 2481 2851 munere
2535 2783 2732 2854 functi
2785 2793 2960 2867 sunt,
3001 2784 3206 2876 ,etiam
3264 2795 3334 2852 ut
3385 2785 3642 2855 Suidam

2070 2896 2134 2952 et
2188 2884 2576 2966 Cedrenum·‚
2641 2895 2833 2953 testes
2888 2905 3106 2973 parum
3164 2885 3470 2970 idoneos,
3537 2910 3638 2958 ve·

2066 3007 2203 3054 rum
2252 3007 2395 3053 esse
2442 2977 2697 3052 locutos
2752 2984 2998 3067 demus,
3066 2984 3147 3051 ad
3209 2998 3494 3054 nostrum
3547 2999 3640 3056 ta·

2066 3109 2209 3155 men
2283 3095 2707 3173 argumentum
2783 3106 2916 3152 non
3002 3086 3346 3174 pertinere,

2070 3188 2434 3277 intelligent.
2499 3189 2943 3276 Mogolitauos
2987 3186 3207 3254 Asiae
3221 3199 3440 3256 nostra
3483 3213 3637 3278 quo-

2073 3311 2195 3376 que
2259 3301 2459 3360 aetate
2526 3289 2914 3374 conchyliis,
3002 3290 3134 3356 sive
3197 3292 3372 3357 testis
3385 3340 3404 3373 ,
3487 3307 3641 3380 quas

2072 3395 2259 3461 coros
2341 3401 2600 3475 vocant,
2686 3392 3000 3480 pecuniae
3058 3388 3256 3458 modo
3327 3393 3449 3475 uti,
3536 3414 3640 3460 res

2071 3505 2252 3578 nota,
2330 3495 2411 3562 de
2478 3515 2607 3583 quo
2686 3493 2969 3562 instituto
3007 3492 3175 3580 lege
3238 3493 3641 3624 disserentem

2073 3597 2493 3726 sperlingium
2507 3597 2589 3684 “.)
3496 3649 3501 3655 .

2415 4486 2452 4545 s
2498 4469 2564 4585 a)
2595 4518 2747 4575 Num.
2783 4535 2891 4572 non
2928 4536 3034 4570 cns.
3071 4534 3184 4585 cop.
3218 4473 3463 4567 XXXIX.

3436 3091 3637 3175 quivis
3753 3172 3760 3178 ⁸
