4500 5650
1003 544 1150 598 cm
1286 540 1317 589 a
1758 476 1763 485 ’
1916 523 2700 603 PRoLEcomeA
2715 526 3299 603 UGENERALIA

1004 685 1157 776 quid
1218 684 1541 779 impellere
1603 689 1877 774 potuerit
1938 690 2139 757 virum
2203 699 2328 756 tam
2390 680 2568 777 prae·
2635 692 2843 770 rables,
2901 704 2973 760 u
3033 690 3398 759 d'examimr
3450 690 3651 776 quelle
3691 687 3895 774 ωρὲσο
3946 694 4020 756 de
4067 708 4182 755 eon·

1007 786 1174 854 clare
1226 789 1560 871 eruditum,
1630 798 1699 856 ut
1750 789 2006 877 publice
2069 802 2179 857 aut
2236 789 2570 879 possidere
2612 795 2858 885 fimwe
2881 796 2931 863 il
2982 805 3072 860 est
3117 794 3491 861 mismabk
3544 797 3778 857 d’avooe'r
3817 811 3892 859 m
3938 786 4186 877 onus-las

1005 911 1107 975 se,
1192 901 1297 957 aut
1363 890 1597 958 vidisse
1668 886 1963 978 fingeret,
2039 914 2201 980 qnae
2261 914 2568 980 nusquam
2631 914 2752 976 par
2808 878 3061 977 νὸρροη
3129 916 3254 963 m
3323 894 3626 960 Μόᾱαιᾙοε
3691 914 3804 977 que
3878 902 3969 958 cet
4037 893 4184 957 Affl-
4269 976 4274 985 ⁴

974 980 1330 1073 exstitere,
1376 991 1592 1059 licebit
1633 995 1932 1060 continno
1979 1015 2062 1060 ex
2106 1016 2185 1062 eo
2231 996 2569 1082 requirere,
2623 1001 2841 1089 quoire
2897 994 3054 1064 αὐοίι
3112 996 3400 1065 dam
3456 1000 3531 1061 de
3598 982 3674 1060 §a
3727 1014 3950 1077 pmprc
4021 998 4183 1070 nais,
4303 1044 4314 1055 .

1006 1090 1158 1180 quid
1229 1092 1544 1193 impulerit
1602 1095 1802 1165 virum
1867 1117 2138 1162 summae
2202 1095 2570 1163 eruditionis
2636 1108 2698 1164 et
2777 1104 2883 1182 qui
2960 1119 3036 1164 ne
3118 1119 3184 1175 ee
3257 1109 3525 1163 mum
3591 1097 3768 1178 plue
3809 1092 4184 1175 αιῄοιηιῖὣιί.

1004 1191 1431 1278 Harduinum,
1498 1204 1569 1262 ut
1635 1196 1823 1263 nobis
1890 1219 2217 1265 numorum
2273 1199 2572 1284 interpre-
2637 1195 2950 1284 Apparet,
3014 1208 3151 1264 eam
3216 1192 3721 1265 dissertationem
3776 1193 3982 1263 lucem
4049 1212 4186 1259 nun·

960 1352 969 1355 -
1006 1295 1274 1361 tationes
1329 1295 1531 1379 daret,
1609 1320 1760 1385 quas
1805 1299 2059 1369 nonnisi
2108 1297 2272 1365 febri
2322 1316 2571 1385 correp·
2642 1319 2824 1385 quam
2879 1296 3145 1395 vidisse,
3204 1297 3412 1386 quod
3421 1319 3571 1365 sane
3627 1292 4007 1375 dolendum,
4063 1296 4190 1382 quia
4261 1338 4275 1355 .

1008 1402 1109 1461 tus
1167 1395 1365 1461 dare
1354 1407 1628 1485 posset,
1693 1400 1832 1486 ipse
1899 1410 2101 1467 autem
2164 1422 2304 1467 esse
2369 1419 2572 1479 veras,
2640 1422 2806 1488 opus
2847 1421 2886 1466 a
2925 1410 3279 1486 praestante
3331 1399 3457 1465 hoc
3500 1396 3636 1464 viro
3695 1394 4082 1471 elaboratum
4120 1393 4191 1462 ad

900 1575 911 1583 ,
970 1534 983 1579 .·
1009 1494 1129 1565 etsi
1172 1494 1532 1582 dejerasset,
1581 1497 1836 1567 credere
1879 1500 2056 1566 nullo
2100 1508 2288 1589 pacto
2331 1499 2575 1595 potuit?
2640 1503 2988 1591 praesentis
3073 1523 3294 1568 causae
3368 1499 3674 1586 judicium
3745 1496 3958 1571 valere
4021 1495 4190 1585 pluri·

1012 1595 1319 1664 Nimirum
1373 1608 1443 1666 ut
1492 1600 1598 1665 hic
1651 1612 1776 1668 tam
1831 1598 2221 1669 incredibilia
2264 1623 2575 1667 commen·
2641 1624 2808 1670 mum
2863 1612 3167 1691 potuerat.
3257 1601 3516 1669 Codicis
3568 1599 3757 1683 hujus
3800 1597 3946 1666 MS.
4001 1596 4191 1665 muni·

1012 1707 1114 1764 tus
1160 1709 1257 1766 est
1298 1720 1430 1766 non
1475 1700 1601 1767 alia
1650 1701 1814 1771 forte
1869 1702 1950 1770 de
2003 1726 2215 1786 causa,
2270 1726 2452 1792 quam
2508 1712 2577 1769 ιιι
2641 1706 2735 1771 ιιίι
2777 1706 2964 1779 etiam
3004 1701 3358 1772 Bandurius
3401 1704 3471 1767 in
3494 1699 3895 1767 Bibliotheca
3937 1716 4052 1765 sua
4087 1718 4186 1767 nu·

932 1830 943 1837 ·
1013 1798 1195 1866 aliter
1248 1803 1523 1889 cogitare
1576 1824 1650 1868 ac
1704 1806 1933 1871 sentire
1987 1806 2333 1886 videretur,
2390 1824 2574 1892 quam
2641 1807 2835 1873 marie
2873 1824 3014 1894 pag.
3060 1810 3145 1875 23
3189 1803 3486 1870 editionis
3528 1800 3822 1868 Fabricii.

958 1952 979 1969 ,
1012 1922 1132 1967 nos
1204 1912 1404 1970 terrae
1472 1903 1586 1968 filii
1654 1904 1957 1989 solemus,
2032 1908 2124 1973 sic
2180 1917 2244 1975 et
2309 1907 2571 1993 Goltzio
3241 1906 3276 1942 ⁴*
3569 1902 3607 1938 ¹*
3991 1948 4041 1991 ‚-

1012 2000 1356 2087 gloriosum
1396 2004 1595 2073 videri
1634 2004 1884 2095 poterat
1914 2011 2154 2092 jactare
2195 2029 2373 2096 opes,
2420 2028 2574 2096 quas
2812 1999 3066 2076 Altiu's·
3094 2016 3349 2095 questus
3424 2005 3690 2084 meram,
3779 2002 4018 2077 Goltzii
4093 1999 4222 2086 ὓς·-

1012 2123 1327 2191 nunquam
1368 2107 1506 2191 ipse
1546 2106 1791 2188 habuit,
1841 2129 2028 2177 nemo
2088 2130 2360 2197 unquam
2400 2109 2576 2176 habi·
2644 2120 2851 2177 menta
2915 2131 3051 2196 per
3146 2108 3427 2175 infinitos
3514 2107 3866 2172 doctorum·
3935 2104 4195 2168 virorum

1016 2214 1190 2270 mus
1219 2214 1400 2271 esset.
1445 2207 1605 2282 Quis
1636 2207 1798 2277 adeo
1827 2208 2131 2277 humanae
2160 2208 2582 2274 conscientiae
2647 2209 3184 2274 commentarios
3179 2208 3406 2275 fuisse
3490 2216 3850 2297 propagata.
3983 2204 4197 2267 Parum

1017 2305 1290 2370 latebras
1323 2307 1615 2388 excussit,
1659 2318 1729 2376 ut
1770 2310 2154 2397 singulorum
2175 2308 2582 2377 consiliorum
2646 2308 2816 2376 istud
2873 2299 3161 2374 adferret
3231 2305 3414 2382 mali,
3487 2308 3546 2372 si
3606 2305 3902 2373 indicium
3965 2310 4198 2389 semp&

788 2466 801 2475 .
916 2500 925 2505 .
1021 2414 1230 2492 speret
1279 2426 1355 2471 se
1393 2428 1586 2495 posse
1628 2430 1845 2497 causas
1898 2411 2210 2498 reperire?
2295 2388 2583 2475 Mearum
2649 2407 2907 2497 aliquod
2949 2407 3228 2476 additum
3277 2408 3526 2485 fuisset,
3569 2416 3650 2472 ut
3699 2403 4196 2517 intelligeremus,

1020 2507 1288 2594 partium
1346 2506 1467 2573 fuit
1532 2509 1791 2592 erudiri,
1855 2511 2174 2579 Goltzium
2230 2533 2419 2599 saepe
2472 2508 2583 2577 fal-
2655 2512 3092 2579 Goltzianum
3116 2524 3258 2575 esse
3319 2518 3594 2595 partum,
3677 2515 4039 2591 tantamque
4118 2502 4199 2567 sic

1021 2628 1158 2674 sum
1188 2606 1472 2689 dixisse,
1526 2631 1653 2697 quo
1695 2611 1863 2678 istud
1907 2614 2117 2691 animo
2162 2612 2409 2692 fecerit,
2470 2613 2585 2678 ho·
2650 2622 2843 2680 n'umo
2903 2613 3273 2679 haberemus
3336 2609 3552 2688 fidem,
3621 2616 3914 2695 quantam
3990 2603 4200 2672 lectori

928 2698 980 2749 ‘·'
1020 2710 1176 2777 mini
1225 2711 1663 2795 permittamus.
1749 2713 1918 2780 Mihi
1965 2734 2119 2780 vero
2172 2714 2378 2781 minus
2429 2733 2585 2778 sem·
2651 2724 2871 2780 auctor
2937 2706 3281 2800 promereri
3339 2709 3673 2777 videretur.
3771 2708 4012 2775 Verum
4071 2722 4201 2799 pum

1022 2829 1137 2897 per
1174 2809 1458 2878 mirabile
1498 2813 1698 2880 visum
1741 2813 2169 2903 qualecunque
2219 2812 2392 2882 istud
2429 2811 2585 2879 Gol·
2646 2802 2819 2882 istud
2861 2813 2944 2881 ab
2987 2812 3267 2893 eruditis,
3307 2812 3642 2910 praecipue
3661 2808 4028 2882 vetustioris
4051 2806 4201 2884 sevi,

862 2911 869 2918 “
958 2912 1135 2978 *tzii
1172 2911 1550 2995 institutum,
1606 2935 1790 3002 quam
1832 2925 1930 2983 est
1966 2917 2165 2984 visum
2207 2913 2396 2997 illud,
2451 2918 2585 2999 ejus
2653 2915 3003 3002 neglectum
3042 2912 3406 3030 plerumque
3447 2914 3561 2995 sit,
3622 2923 4069 2999 saepenumero
4113 2928 4205 2973 ac·

976 3011 1426 3110 scriptorum,
1511 3024 1612 3080 tot
1671 3027 1960 3112 tamque
1998 3016 2392 3084 evidentibus
2453 3038 2585 3082 sca·
2654 3016 2827 3098 cidit,
2871 3025 2957 3095 ut,
3001 3017 3126 3081 nisi
3168 3013 3504 3079 cautissimi
3543 3033 3780 3092 sumus,
3823 3026 4082 3077 numum
4108 3006 4205 3074 Δί·

892 3125 898 3133 “
1026 3116 1285 3182 tentium
1367 3114 1741 3196 mendaciis,
1786 3127 1929 3186 tot
1999 3121 2177 3186 annis
2242 3118 2587 3184 consistere
2655 3135 2838 3208 quem
2892 3138 2932 3182 a
2967 3115 3348 3205 posteriore
3376 3114 3671 3203 quopiam
3713 3113 4031 3200 scriptore
4073 3129 4206 3175 con·

1026 3218 1308 3331 potuisse
1360 3220 1805 3284 auctoritatem.
1904 3219 2135 3285 Narrat
2185 3218 2481 3286 Jobcrtus
2504 3221 2584 3304 ¹),
2655 3231 2932 3308 spectum
2993 3216 3180 3284 nobis
3243 3215 3753 3302 persuadeamus,
3829 3213 3950 3301 qui
3989 3215 4213 3279 tamen

1030 3316 1097 3380 in
1138 3338 1354 3383 museo
1389 3318 1467 3382 cl.
1512 3318 1593 3385 de
1612 3320 1791 3384 Boze
1831 3322 2065 3386 servari
2105 3318 2400 3388 volumen
2441 3340 2602 3388 con·-
2656 3322 2847 3389 alium
2889 3342 2928 3387 a
2951 3316 3208 3386 Goltzio
3253 3326 3600 3383 auctorem
3611 3336 3744 3381 non
3767 3314 3986 3384 habet.
4029 3309 4210 3379 Enti

1031 3415 1236 3482 {inens
1287 3437 1511 3484 numos
1557 3420 1797 3502 Golzii,
1859 3433 2075 3498 omnes
2134 3420 2428 3494 edomate
2483 3420 2591 3487 de·
2656 3423 2725 3489 bi
2765 3418 3142 3489 luculentum
3184 3418 3435 3485 molesti
3477 3421 3609 3503 ejus
3653 3427 3767 3483 se‘u
3807 3411 4211 3489 incommodi,
4265 3469 4272 3474 .

1035 3517 1338 3600 lineatos,
1425 3540 1641 3586 omnes
1709 3521 2172 3612 imperatorios,
2252 3531 2593 3610 eorumque
2659 3546 2770 3591 seu
2836 3520 3098 3611 periculi
3166 3517 3537 3606 exemplum.
3637 3518 3941 3624 Princeps
4008 3514 4212 3583 'Inuus

1036 3639 1356 3686 numerum
1392 3641 1536 3685 esse
1576 3619 1706 3686 fere
1747 3622 1887 3687 VII.
1923 3622 2180 3686 millium
2222 3622 2369 3696 inde
2412 3646 2452 3689 a
2486 3623 2591 3690 Ju·
2659 3624 2913 3691 Muciae
2986 3624 3055 3686 in
3116 3619 3393 3688 Siciliam
3455 3639 3629 3687 suam
3710 3615 4214 3696 numismaticam,

1036 3719 1133 3788 lio
1197 3720 1462 3788 Caesare
1515 3743 1722 3840 usque
1793 3720 1875 3787 ad
1935 3721 2376 3805 Justinianum,
2462 3746 2595 3791 ιιοιι
2663 3724 2837 3813 quod
2879 3721 3145 3803 constat,
3189 3741 3408 3787 omnes
3430 3717 3674 3787 Goltzii
3697 3737 3924 3785 numos
3973 3718 4218 3810 recepit.

1036 3821 1455 3890 adnumeratis
1510 3825 1618 3906 iis,
1696 3841 1855 3910 quos
1910 3821 2042 3908 jam
2105 3835 2249 3891 ante
2316 3821 2593 3912 dederat,
2662 3826 2818 3892 Non
2858 3844 3175 3912 repugno,
3237 3819 3467 3914 modo,
3528 3818 3704 3909 quod
3749 3818 3846 3885 ab
3875 3817 4032 3887 aliis
4075 3839 4219 3888 non·
4303 3885 4312 3894 ,

914 4011 935 4017 „
1034 3923 1191 3989 Julii
1234 3925 1547 4007 Caesaris,
1590 3925 1883 4012 Augusti,
1942 3924 2203 3991 Tiberii.
2289 3925 2394 3991 Ad
2439 3947 2596 4014 qnae
2663 3947 2976 4015 nunquam
3020 3924 3276 4003 factum,
3343 3920 3718 3989 Goltzianos
3779 3918 4042 4006 adjecto
4103 3922 4224 3986 ico·
4329 3919 4332 3924 ⁴
4385 3961 4394 3970 -

1040 4022 1285 4090 Joberti
1376 4025 1567 4093 verba
1659 4025 1815 4093 haec
1909 4028 2152 4094 notavit
2234 4027 2594 4106 Bimardus:
2637 4027 2880 4094 nismis
2909 4028 2987 4093 G.
3023 4024 3427 4092 distinxisset.
3475 4022 3709 4122 Neque
3735 4021 3933 4090 multo
3967 4022 4119 4110 plus
4149 4036 4227 4087 ex
4345 4031 4360 4042 “
4417 4091 4428 4110 ,

1043 4123 1253 4210 (ibid.
1284 4145 1349 4213 p.
1413 4127 1591 4211 129.)
1644 4131 1727 4195 Je
1787 4151 1877 4196 me
1927 4129 2181 4215 prop'ose
2250 4135 2326 4197 de
2377 4135 2598 4196 dormer
2665 4128 2923 4215 adjectis
3002 4125 3458 4193 commentariis
3545 4119 3886 4205 subsidii,
3925 4126 4086 4211 quia
4163 4121 4232 4186 in

946 4231 1193 4294 ‘dm
1252 4250 1366 4295 une
1426 4229 1823 4296 &eser-cason
1861 4232 2271 4315 por-tiodiem,
2357 4235 2425 4297 la
2492 4253 2598 4296 m·
2659 4230 2979 4296 hisnon
3000 4223 3652 4343 semperGoltzium,
3692 4219 4064 4312 sedsaepe
4117 4243 4288 4310 po·-

1041 4334 1152 4399 m
1204 4333 1278 4395 de
1327 4351 1392 4396 ce
1427 4334 1675 4398 -volunw
1724 4333 1866 4438 1118.
1920 4339 1995 4400 de
2040 4325 2386 4401 Μέάαὶἰίω
2413 4332 2598 4416 Impe-
2666 4332 2988 4399 ster-iorem
3044 4329 3308 4418 aliquem
3364 4329 3533 4395 numi
3590 4327 3690 4393 sui
3752 4336 4082 4402 auctorem
4147 4320 4234 4392 fa

1066 4482 1105 4493 0-
2374 4484 2511 4496 ..ιιι-ιι*

1182 4543 1247 4620 q)
1282 4545 1495 4604 science
1531 4549 1795 4624 des'Mcd.
1830 4549 1967 4602 'ssl-
2004 4570 2068 4644 p.
2092 4552 2180 4608 99·
