4500 5650
1509 518 2386 647 nisPAnia'
2580 520 2584 524 Α
3038 668 3044 673 ,
3472 579 3665 651 7„

326 735 542 803 maluit
601 732 820 800 fatales
854 674 1014 799 'hos
1050 732 1353 819 scopulos
1397 731 1656 812 evitare,
1714 754 1897 821 quam

159 908 168 917 ,
223 872 228 877 ’
325 860 465 904 cum
508 835 796 924 periculo
837 835 1198 922 etprovisa
1229 839 1478 919 jactura
1517 834 1726 901 adire..

465 940 672 1005 *Inte'r
713 937 957 1024 linguas
999 936 1372 1047 adventitias

499 1043 817 1107 Phamean
859 1024 1336 1125 antiquissima,
1410 1061 1448 1105 a
1513 1038 1892 1119 Phoeniciis,

1965 736 2034 801 in
2085 735 2290 802 numia
2335 733 2717 829 Abderae,¹
2742 736 3055 816 Canacae,
3122 746 3185 803 et
3232 698 3557 820 Gadium,⁸

1965 846 2033 902 ut
2075 836 2315 908 dicetur
2356 836 2423 901 in
2472 836 2909 905 dissertatione
2954 838 3035 937 de
3079 842 3281 905 numis
3329 841 3534 909 Phoe·

1962 938 2141 1005 niciis
2185 926 2565 1003 Phoeniciae
2606 942 2900 1028 propriae
2938 942 3141 1006 numis
3186 943 3484 1028 subjecta

2138 1044 2433 1107 Graecam
2520 1040 2794 1127 linguam
2878 1043 3250 1110 invexerunt
3315 1046 3537 1111 coloni
3586 1030 3591 1035 ’

330 1145 436 1229 qui
525 1140 884 1209 commercii
969 1162 1155 1207 causa
1243 1142 1368 1207 huc
1453 1142 1901 1219 commeabant,
1969 1139 2263 1208 Massilia
2330 1140 2649 1229 profecti,
2734 1154 3004 1231 suntque
3067 1148 3187 1211 hac
3251 1149 3537 1235 inscripti

333 1242 562 1309 deinde
623 1227 1264 1329 Carthaginiensibus
1300 1244 1494 1312 illata.
1597 1240 1754 1328 Ejus
1813 1242 1901 1311 al-

332 1345 668 1431 phabetum
753 1347 1037 1411 Bastulo-
1017 1349 1412 1429 -phoenicium
1485 1355 1696 1412 vocat
1782 1345 1900 1411 Vc

329 1436 614 1543 lasquez,
681 1448 827 1533 quia
890 1449 1024 1531 ejus
1081 1468 1234 1514 usus
1287 1449 1352 1512 in
1406 1447 1694 1513 Baetica
1720 1447 1900 1511 mari-

331 1550 481 1614 tima
566 1546 793 1628 valuit,
883 1569 1065 1635 quam
1135 1533 1568 1615 inhabitabant
1631 1548 1896 1639 Bastuli,

332 1660 398 1716 et
447 1649 742 1717 coloniis*
775 1648 1252 1737 frequentabant
1306 1650 1676 1717 Phoenices.
1767 1649 1896 1715 Ne·

331 1773 461 1840 que
526 1761 730 1816 tamen
783 1771 859 1815 ea
910 1750 1122 1837 lingua
1183 1752 1349 1833 ultra
1408 1753 1614 1821 litora,
1646 1752 1897 1839 longius

329 1872 671 1942 progressa
708 1838 972 1921 videtur.
1057 1855 1212 1938 Ejus
1253 1854 1549 1942 reliquias
1594 1855 1935 1958 habemus

1963 1236 2143 1309 numi
2183 1244 2624 1331 Emporiarum
2677 1254 2740 1310 et
2794 1245 3065 1313 Rhodae
3107 1242 3535 1316 Tarraconen—

1971 1345 2058 1411 sis
2103 1346 2420 1413 urbium..

2138 1449 2389 1515 Lacenae
2445 1446 2716 1551 denique
2767 1392 3087 1531 inductae,
3152 1461 3214 1516 et
3264 1383 3537 1545 reliquas

1968 1567 2199 1617 omnes
2250 1546 2609 1637 paullatim
2643 1551 3040 1618 absorbentis
3115 1562 3332 1619 causas
3399 1556 3538 1641 quis

1963 1649 2253 1735 ignorat?
2352 1649 2647 1717 Admissa
2706 1654 2973 1769 primum
3029 1655 3095 1719 in
3152 1635 3537 1736 societatem,
3598 1696 3603 1705 ·

1967 1752 2182 1838 quod
2201 1754 2619 1870 comprobant
2687 1756 2859 1823 numi
2898 1776 3053 1822 ιιοιι
3110 1758 3294 1842 pauci
3354 1758 3535 1824 bilin·
3590 1817 3600 1823 .
3704 1820 3723 1829 ..

1963 1870 2136 1938 guen,
2183 1857 2383 1922 serius
2428 1856 2570 1921 sola
2612 1855 2825 1922 locuta
2869 1867 2981 1922 est.

1492 2040 1602 2164 s.
1629 2070 1774 2150 VI.
1844 2075 1970 2150 De
2023 2016 2287 2175 typis,=

504 2257 718 2325 Habet
772 2256 1106 2356 Hispania,
1176 2266 1246 2324 ut
1311 2259 1562 2345 quaevis
1628 2257 1751 2323 aha
1801 2272 1895 2324 re·

333 2361 472 2447 gio,
541 2361 613 2427 in
679 2369 935 2426 moneta
1000 2380 1112 2426 sua
1183 2368 1391 2426 certos
1463 2380 1615 2426 suos
1677 2368 1894 2445 typos,

328 2462 692 2553 modosque
729 2462 853 2527 sibi
893 2463 1223 2551 proprios,
1279 2463 1370 2528 sic
1413 2471 1484 2529 ut
1521 2461 1625 2529 vel
1669 2461 1748 2526 ab
1794 2460 1893 2526 his

333 2563 519 2633 facile
559 2583 748 2651 saepe
789 2565 901 2645 sit,
955 2584 1093 2633 eam
1146 2564 1226 2631 ab
1271 2563 1536 2630 aliarum
1570 2563 1894 2657 regionum

333 2667 539 2733 munis
583 2654 1034 2751 discernere.
1037 2666 1239 2746 Quin
1302 2675 1367 2732 et
1437 2658 1598 2731 alios‘
1666 2659 1896 2731 modos

334 2767 571 2838 habent
636 2767 807 2834 numi
863 2765 1181 2849 Baeticae,
1253 2766 1414 2834 alios
1469 2768 1895 2838 Tarraconen·

289 2871 441 2938 sis.
529 2871 922 2938 Lusitanicae
963 2869 1165 2950 numi,
1224 2889 1365 2934 cum
1408 2871 1594 2955 pauci
1633 2889 1895 2936 numero

193 3009 206 3024 ,
329 2974 490 3054 siut,
545 2981 614 3056 et
674 2972 803 3038 fere
855 2981 1090 3039 tantum
1144 2993 1182 3037 a
1225 2970 1558 3038 Caesarum
1600 2973 1895 3058 tempori-

299 3071 490 3152 Ἔα»,
555 3075 694 3158 fiam
765 3073 958 3158 magis
1032 3073 1305 3154 alienos,
1385 3071 1583 3160 ‘quam
1654 3066 1902 3140 nativos

327 3198 491 3248 suos
536 3173 842 3243 offerunt.-

505 3281 790 3346 Hamae
869 3275 1050 3342 numi
1124 3274 1638 3365 perii-equenter
1677 3275 1903 3340 sistunt

333 3400 577 3460 ramos,
632 3379 869 3492 spicas,
922 3380 1157 3466 pisces,
1212 3397 1452 3464 eosque
1504 3397 1648 3443 raro
1695 3376 1901 3462 singu-

335 3481 471 3564 los,
538 3480 652 3548 sed
718 3479 1085 3569 plerumque
1147 3481 1458 3568 geminos,
1525 3487 1588 3543 et
1649 3478 1900 3563 quidem

337 3586 468 3651 situ
527 3582 940 3663 horizontali,
1012 3581 1292 3672 sibique
1316 3577 1619 3669 parallelc
1659 3579 1917 3679 dispo--

339 3686 531 3766 sitos,
601 3686 839 3786 scripto
899 3685 970 3750 in
1020 3682 1268 3749 horum
1302 3683 1515 3750 medio
1567 3682 1744 3748 urbis
1787 3702 1900 3749 no-

256 3829 268 3840 ·
337 3789 528 3854 mine.
607 3777 756 3854 Est
767 3788 873 3853 hic
914 3769 1235 3860 character
1276 3786 1370 3852 sic
1411 3793 1701 3852 monetae
1745 3784 1901 3850 Bae-

335 3886 532 3958 ticac
553 3891 875 3977 proprius,
913 3898 997 3955 ut
1047 3889 1175 3956 hoc
1208 3898 1571 4006 ‘conspecto
1636 3886 1906 3961 dubitari

337 4013 474 4060 non
514 3993 739 4077 possit,
783 3999 1036 4092 numum
1079 4011 1158 4057 eo
1201 3990 1518 4089 insignem
1549 4007 1694 4057 esse
1729 3989 1902 4055 urbis

337 4093 670 4172 Baeticae
727 4103 832 4159 aut
886 4094 942 4158 si
1007 4083 1497 4159 Tarraconensis
1511 4139 1530 4172 ,
1597 4101 1763 4174 certe
1822 4089 1905 4155 ad

337 4195 646 4261 Baeticae
696 4195 969 4261 confinia
1030 4195 1291 4280 positae.
1399 4193 1648 4259 Eodem
1695 4178 1902 4258 modo

1963 2255 2043 2333 lis
2099 2266 2163 2323 et
2213 2256 2432 2345 lunae,
2490 2254 2594 2325 vel
2644 2259 2998 2326 solitarium
3046 2260 3113 2324 A
3160 2281 3274 2348 per
3330 2204 3532 2331 Baeti-

1963 2379 2075 2423 cae
2117 2370 2451 2429 monetae
2533 2381 2737 2427 aream
2828 2364 3139 2448 vagantur
3271 2362 3536 2451 Propter

1963 2467 2171 2525 certos
2252 2460 2374 2528 hos
2449 2466 2584 2547 ejus
2658 2448 3048 2531 characteres
3086 2461 3378 2548 jactum,
3467 2477 3537 2534 ut

1960 2560 2289 2638 Florezius
2355 2584 2606 2631 numum
2672 2565 3041 2654 inscriptum
3106 2568 3335 2633 OSCA
3402 2588 3534 2634 non

1967 2661 2301 2728 celebriori
2363 2664 2458 2731 illi
2521 2667 3019 2743 Tarraconensis
3091 2670 3337 2749 Oscae
3419 2670 3535 2735 sed

1962 2762 2330 2848 ignobiliori
2410 2766 2705 2834 Baeticae
2787 2769 3187 2838 tribuendum
3272 2779 3532 2859 putaret.

1965 2863 2361 2938 Generatim
2411 2867 2619 2933 etiam
2682 2881 2937 2938 moneta
3001 2874 3259 2938 Baetica
3329 2894 3532 2939 remo·

1962 2953 2144 3034 tioris
2207 2967 2589 3055 antiquitatis
2648 2971 2917 3046 judicia
2964 2973 3268 3089 praefert,
3360 2976 3534 3060 quod

1967 3079 2231 3156 ΡιοΡιει
2294 3071 2767 3155 abundantiam,
2836 3075 3024 3140 maris
3080 3074 3403 3155 viciniam,
3472 3089 3593 3142 et-·

1969 3171 2266 3274 appulsus
2356 3175 2906 3261 opportunitatem
3014 3176 3258 3264 pridem
3356 3179 3535 3245 avide
3627 3221 3636 3234 -

1967 3263 2052 3339 ab
2168 3275 2399 3339 exteris
2520 3273 2880 3345 nationibus
2998 3278 3535 3366 frequentabam-3

1971 3371 2199 3441 diutius
2275 3377 2462 3442 etiam
2528 3387 2801 3445 veterem
2867 3401 3045 3445 suum
3132 3380 3388 3447 modum
3454 3393 3539 3456 ει

1963 3478 2215 3544 ‘nativos
2280 3488 2475 3567 typos
2524 3473 2815 3561 retinuit,
2891 3481 3041 3568 quia
3093 3483 3290 3549 serius
3344 3506 3421 3549 ea
3468 3487 3538 3549 ιιι
3660 3535 3669 3546 .

1967 3580 2226 3665 regione
2308 3580 2535 3666 pedem
2618 3581 2819 3648 fixere
2892 3583 3182 3650 Romani.
3298 3585 3538 3652 Contra

1968 3690 2222 3749 moneta
2297 3683 2805 3760 Tarraconensis
2911 3686 3242 3771 pauciores
3348 3677 3540 3755 habet

1965 3793 2163 3872 typos
2238 3804 2323 3849 ex
2388 3783 2737 3853 domestico
2822 3788 3124 3872 ingenio
3144 3797 3393 3876 captos,
3482 3793 3541 3856 si

1969 3885 2184 3958 demas
2228 3888 2496 3974 equitem
2529 3898 2847 3954 amatum
2901 3890 3091 3954 citato
3134 3911 3318 3956 cursu
3361 3911 3536 4006 prae-
3574 3895 3587 3903 “

1968 3991 2252 4077 cipitem,
2324 3990 2432 4076 qui
2502 3999 2600 4056 est
2663 3998 2853 4076 typus
2919 3990 3134 4076 potior
3195 3991 3264 4054 ιιι
3332 3993 3537 4058 numis

1970 4090 2247 4169 Bilbilis,
2327 4092 2557 4171 Oscae,
2631 4090 2970 4172 Saetabi,·'‚
2996 4093 3338 4176 segoviae,
3406 4097 3536 4161 To·

1973 4189 2103 4259 leti.
2188 4191 2405 4278 Maj0r
2445 4213 2592 4278 pars
2636 4192 2962 4258 Romanos
3006 4204 3232 4281 typ08,
3287 4218 3361 4261 ac
3412 4219 3535 4263 mae

339 4296 593 4383 Sphinx
676 4295 807 4382 fere
869 4296 1210 4371 Baeticam*
1273 4300 1510 4361 tantum
1595 4304 1910 4361 monetam
1975 4294 2171 4364 turius
2217 4294 2492 4382 equidem
2558 4295 2866 4382 respexit,
2937 4295 3081 4383 quia
3142 4298 3436 4366 maturius
3501 4322 3540 4364 a

339 4398 691 4486 compavit.
709 4423 720 4466 ,·
774 4401 930 4484 Ejus
985 4398 1124 4484 typi
1183 4417 1368 4470 causa
1417 4397 1670 4462 incerta.

335 4602 537 4670 steria
583 4601 807 4668 retulit.
869 4601 1297 4689 *Frequenter
1347 4602 1550 4691 etiam
1583 4609 1752 4668 astra·
1804 4621 1900 4666 so·

333 4500 547 4566 rezius
602 4498 684 4565 ad
728 4500 1181 4588 Aegyptiorum
1237 4497 1603 4584 religionem
1657 4507 1721 4563 et
1743 4396 1908 4581 ⁴133·

1975 4396 2278 4462 Romanis
2335 4397 2591 4464 subacta
2644 4419 2719 4464 ea
2743 4398 3105 4484 'Hispaniae
3158 4416 3305 4483 pars
3356 4401 3536 4486 ‘paul-

1974 4498 2157 4565 latim·
2207 4499 2415 4566 mores
2467 4522 2619 4566 suos
2672 4499 2752 4565 ad
2806 4499 3060 4589 victoris
3103 4498 3329 4586 populi
3369 4503 3536 4588 inge-

1974 4601 2145 4668 nium
2218 4589 2415 4668 finxit.
2532 4603 2742 4687 Atque
2805 4600 2962 4666 haec
3028 4600 3109 4666 de
3183 4599 3540 4692 discrimine
3652 4613 3681 4682 .'
