4500 5650
3426 487 3604 539 cxm

1190 638 2583 861 '·CAPVTX1x.

1094 902 1262 977 D'e
1364 906 2896 987 numz's»adulter1’nis.‘

392 1106 605 1193 Hunc
642 1132 981 1201 tractatum
1046 1126 1112 1191 in
1158 1135 1371 1214 partes
1437 1127 1590 1193 duas
1658 1126 1958 1215 dispesci-

391 1247 558 1309 mus‚
619 1247 876 1315 quarum
920 1227 967 1292 Ι.
1015 1238 1155 1313 aget
1209 1228 1289 1295 de
1324 1232 1545 1295 numis
1590 1228 1959 1299 adulterinis

391 1351 510 1418 per
562 1328 843 1395 fraudem
895 1336 1194 1412 veterem,
1258 1331 1337 1396 Π.
1385 1331 1464 1397 de
1521 1334 1725 1399 numis
1784 1330 1958 1397 adul-
2026 1375 2033 1381 -

362 1433 610 1499 ,tel-inis
664 1453 779 1518 per
829 1429 1111 1497 fraudem
1164 1431 1547 1499 modernam.
1648 1433 1960 1500 Paraban-

389 1521 492 1599 tin*
532 1532 631 1597 illi
672 1556 710 1599 a
748 1532 1047 1613 falsariis,
1103 1545 1171 1601 ut
1224 1545 1476 1602 moneta
1527 1537 1734 1623 proba
1783 1545 1957 1625 puta·

224 1624 233 1631 ”
352 1643 650 1715 rentur,
737 1644 1024 1722 parantur
1090 1635 1160 1700 hi
1224 1658 1262 1700 a
1328 1635 1563 1704 fraudis
1625 1639 1957 1724 magistris,

396 1744 469 1803 ut
508 1744 759 1804 moneta
798 1744 972 1802 vetus
1016 1735 1364 1805 credantur.

457 1977 509 2040 Ι.
596 1974 776 2041 Numi
812 1978 1130 2042 adulter-ini
1157 1997 1274 2058 per
1298 1975 1591 2058 fraudem
1631 1986 1899 2042 veterem.

566 2142 781 2210 Artem
838 2153 1152 2215 monetam
1205 2144 1372 2231 turpi
1422 2142 1641 2209 fraude
1682 2162 1956 2208 corrum-

394 2244 585 2334 pendi
626 2269 767 2312 cum
805 2248 964 2333 ipsis
1007 2244 1137 2312 fere
1178 2247 1382 2323 numis
1425 2255 1649 2326 natam,
1688 2254 1770 2311 et
1808 2246 1959 2310 scri-

394 2357 621 2438 ptores·
658 2348 997 2428 docueres
1028 2357 1090 2414 et
1134 2349 1536 2450 experientia.
1621 2347 1956 2413 Praetereo

392 2452 817 2547 testimonium
882 2438 1232 2529 Herodoti,
1318 2442 1626 2516 narrantis
1649 2447 1708 2533 Ι’)
1726 2496 1744 2529 ,
1834 2447 1956 2513 Po·

392 2550 693 2635 lycratem
766 2553 939 2618 Sami
1023 2562 1356 2651 tyrannum
1441 2548 1957 2617 Lacedaemoniis

190 2646 197 2651 ’
299 2708 303 2712 .
388 2654 714 2743 plumbum
766 2657 1110 2721 inauratum
1162 2676 1281 2752 pro
1326 2663 1580 2723 moneta
1620 2672 1806 2721 aurea
1849 2650 1961 2718 ob-

390 2757 634 2841 tulisse,
672 2757 863 2841 istud,
907 2759 1180 2876 inquam,
1227 2757 1646 2824 testimonium
1689 2763 1959 2845 praeter-

392 2883 474 2928 eo
526 2871 896 2968 propterea,
951 2863 1096 2949 quia
1149 2871 1368 2930 auctor
1417 2863 1556 2949 ipse
1610 2867 1959 2925 enarratum

396 2960 570 3029 istud
620 2960 1054 3046 ματᾶιοτερον
1109 2964 1358 3046 loyen·
1407 2966 1621 3030 anilem
1653 2961 1959 3046 fabulam,

395 3062 694 3154 appellat.
809 3062 1018 3150 Major
1091 3065 1427 3132 auctoritas
1473 3061 1957 3150 Demosthenis,

390 3173 570 3255 cujus
634 3166 923 3235 evidente
986 3169 1347 3235 testimonio
1419 3164 1747 3246 docemur,
1824 3165 1959 3248 jam

390 3269 658 3339 Solonis
746 3279 949 3338 aetate
1019 3279 1309 3336 monetae
1377 3268 1670 3358 publicae
1747 3286 1958 3332 corru-

389 3375 684 3463 ptionem
739 3395 871 3439 rem
934 3371 1129 3439 fuisse
1190 3374 1426 3460 passim
1491 3392 1605 3460 per
1678 3370 1958 3435 civitates

392 3478 669 3543 Graecas
757 3476 1068 3568 cognitam
1082 3524 1100 3557 ,
1189 3482 1253 3541 et
1316 3472 1569 3563 capitali
1641 3470 1995 3560 supplicio

392 3579 671 3666 punitam
703 3577 781 3664 ι).
860 3637 881 3650 ,
909 3579 1057 3666 Ipsa
1127 3593 1280 3644 vero
1355 3576 1742 3665 experientia
1825 3583 1957 3640 non

398 3700 599 3766 pauca
642 3679 832 3746 nobis
885 3680 1213 3747 inveterati
1261 3676 1446 3771 hujus
1490 3679 1710 3776 flagitii
1752 3696 1957 3744 exem-

394 3778 512 3868 pla
552 3781 942 3871 ·suppeditat.
1054 3782 1173 3848 Est
1230 3781 1298 3846 in
1360 3803 1577 3848 museo
1648 3782 1957 3848 Caesareo

352 3899 619 3949 'numus
656 3883 1001 3951 Messanae
1041 3882 1333 3965 Siciliae.
1393 3882 1549 3949 alius
1602 3884 1755 3949 mihi
1810 3903 1959 3949 con·

385 3995 649 4075 spectus
686 3985 1197 4077 Metapontinus‚
1259 4007 1441 4073 quem
1487 3986 1639 4054 olim
1682 3983 1853 4068 edidi
1873 3983 1957 4070 )‚

306 4125 315 4128 Δ
382 4089 812 4177 antiquissimi
896 4098 1154 4175 uterque
1239 4090 1562 4155 commatis
1585 4138 1603 4172 ‚
1703 4098 1960 4175 uterque

524 4343 602 4413 p)
642 4345 697 4396 L.
730 4344 816 4397 ΙΙΙ.
852 4363 893 4394 e.
928 4342 1013 4396 56.

379 4429 666 4500 Leptinen
702 4428 755 4481 in
793 4430 894 4482 fine
929 4449 977 4497 p.
1014 4448 1080 4497 ιιι.
1116 4425 1236 4482 566.

380 4534 489 4586 que
524 4514 592 4566 Π.
632 4514 694 4565 ad
734 4514 829 4579 leg.
873 4512 1028 4566 Corn.
1067 4513 1131 4565 de
1164 4515 1275 4567 fals.

449 4609 626 4683 (1⁷01.
664 4610 739 4677 1.)
932 4657 941 4666 .

1209 4343 1274 4415 q)
1310 4346 1420 4398 adv.
1458 4341 1688 4396 Timocr.
1724 4362 1776 4410 p,
1813 4363 1883 4396 ιιι.
1920 4344 2039 4404 805.

1452 4424 1517 4493 n)
1556 4424 1703 4477 Orat.
1740 4424 1801 4475 Τ.
1836 4427 1897 4478 11.
1937 4445 1990 4493 p.
2027 4443 2100 4478 m.
2134 4416 2254 4474 416.

1485 4511 1531 4572 ι)
1570 4507 1746 4563 Codic.
1785 4510 1853 4561 [ω
1875 4508 1966 4562 IX.
2002 4507 2081 4561 tit·
2119 4500 2202 4559 2'1.

2025 1128 2190 1195 intra
2247 1129 2490 1213 argenti
2540 1127 2851 1233 bracteam
2907 1127 3095 1197 vilem
3150 1153 3231 1197 ex
3275 1153 3419 1200 aere
3463 1135 3594 1200 ani·
3570 1084 3649 1220 ,⁸⁸

2015 1230 2188 1295 'mam
2230 1229 2650 1296 recondens.

2193 1332 2392 1418 Atqui
2430 1336 2564 1418 jam
2619 1338 2790 1398 tum
2802 1334 2868 1398 in
2932 1354 3080 1414 eos,
3171 1336 3279 1421 qui
3344 1336 3596 1403 turbare
3637 1354 3653 1373 ‘

2027 1430 2154 1497 hoc
2214 1447 2402 1549 pacto
2477 1433 2664 1500 fidem
2717 1432 3047 1521 publicam
3064 1482 3084 1515 ,
3171 1444 3236 1501 et
3322 1459 3594 1504 corrum-

2026 1556 2176 1622 pere
2208 1537 2447 1621 -pignus
2501 1534 2885 1622 reipublicae
2941 1547 3085 1603 sunt
3139 1539 3274 1604 ausi
3289 1587 3308 1621 ,
3362 1542 3598 1626 gravis·

2027 1637 2201 1703 simis
2254 1638 2480 1723 poenis
2536 1637 2731 1703 fuisse
2784 1639 3279 1707 animadversum
3295 1688 3315 1722 ,
3403 1639 3597 1707 multa

2022 1736 2323 1803 habemus
2396 1737 2821 1824 legislatorum
2891 1743 3269 1808 testimonia.
3399 1741 3596 1831 Apud

2021 1838 2514 1905 Demosthenem
2570 1839 2776 1906 Solon
2841 1843 2983 1929 ipse
3047 1845 3269 1909 mortis
3322 1862 3594 1931 poenam

2016 1939 2210 2024 -hujus
2266 1942 2603 2028 compertis
2661 1943 2936 2009 criminis
2979 1942 3176 2011 fuisse
3229 1946 3594 2010 intentatam

2025 2039 2214 2107 docet
2235 2041 2320 2128 ⁸).
2437 2040 2611 2107 Idem
2663 2043 2789 2108 reis
2829 2043 3162 2111 decretum
3217 2045 3594 2134 supplicium
3641 2120 3648 2125 ,

2010 2141 2180 2231 ,alibi
2231 2152 2491 2211 testatur
2546 2142 3008 2211 Demosthenes
3030 2146 3123 2231 ‘),
3212 2155 3276 2212 et
3329 2168 3412 2213 ex
3468 2146 3596 2213 hoc
3709 2199 3726 2211 .

2024 2243 2341 2311 Aristides
2360 2246 2443 2331 ¹¹).
2531 2242 2839 2331 Diogenis
2888 2255 3129 2333 patrem
3167 2246 3362 2317 fuisse
3395 2268 3592 2332 ,reum

2028 2357 2362 2436 corruptae
2411 2356 2732 2427 monetae,
2787 2358 2998 2415 narrat
3039 2348 3361 2434 Diogenes
3405 2352 3593 2419 Laer-

2025 2449 2150 2514 tius
2170 2449 2260 2534 “).
2363 2447 2548 2523 „Cum
2637 2450 3023 2517 Graecorum
3108 2448 3354 2537 legibus
3441 2472 3592 2521 con-

2025 2551 2267 2668 spirant
2320 2548 2660 2621 Romanae.
2795 2555 3161 2638 ραίσιηιραο,
3220 2555 3423 2642 inquit
3478 2554 3591 2621 vl»

2025 2653 2250 2740 piauus
2290 2652 2359 2736 ¹)
2373 2699 2392 2733 ‚
2479 2674 2687 2719 numos
2753 2676 2978 2725 amoos
3035 2662 3322 2735 raserint,
3404 2663 3589 2726 tvme-

2024 2760 2175 2836 rint‚
2238 2758 2575 2842 fine-erint,
2660 2762 2940 2870 siquidem
3022 2764 3142 2824 εἰπέ
3226 2762 3424 2838 libori,
3509 2766 3596 2827 ad

2026 2859 2239 2924 bestias
2302 2860 2546 2934 dmuur,
2634 2862 2694 2922 a·
2748 2835 2933 2936 ser-vi,
3018 2881 3244 2926 summo
3303 2867 3596 2945 supplicio*

2025 2962 2403 3045 adficiamur.

2024 3079 2160 3126 rum
2224 3060 2293 3125 in
2358 3078 2504 3127 reos
2560 3080 2812 3176 ‘poenas
2877 3059 3075 3128 alias·
3087 3065 3126 3143 ).
3253 3062 3468 3152 Atque
3521 3076 3591 3134 ut

2023 3180 2256 3256 poena
2297 3162 2455 3241 reis,
2524 3163 2617 3227 sic
2683 3172 2746 3228 et
2808 3164 3148 3251 praemium
3203 3162 3635 3244 delatoribus,

2024 3263 2309 3355 publice
2331 3262 2447 3330 fuit
2498 3266 2919 3353 constitutum.
3034 3268 3237 3345 Servi,
3294 3268 3382 3336 ait
3425 3265 3592 3336 Dio-

2026 3367 2329 3433 cletianus
2350 3371 2444 3448 ⁸),
2497 3372 2603 3451 ραι·
2647 3372 2998 3434 monetarios
3037 3372 3430 3437 adulteritum
3470 3396 3588 3439 mo-

2023 3482 2220 3537 netam
2270 3480 2603 3536 ammento-2
2653 3476 2716 3536 in
2764 3471 3063 3568 ραόἱιὶῇαπι
3111 3459 3455 3553 daudet-'ivm
3509 3481 3589 3542 ei·
3621 3489 3632 3500 “

2022 3579 2201 3640 vitato
2239 3573 2319 3637 R.
2362 3576 2668 3640 doum.

2064 3717 2073 3730 ·
2193 3675 2443 3740 Intenta
2511 3672 2668 3740 haec
2734 3670 3044 3761 supplicia
3108 3696 3292 3763 quam
3371 3631 3592 3745 inutile

2025 3776 2257 3845 fuerint
2308 3774 2607 3842 adversus
2664 3773 2944 3843 fraudem
2993 3776 3364 3859 remedium,
3451 3763 3618 3867 ipsa⁸

2026 3892 2343 3968 superstes
2451 3887 2640 3943 vetus
2743 3885 3014 3944 moneta·
3083 3880 3590 3966 experimentum

2025 3981 2300 4069 praebet.
2430 3973 2806 4074 Incredibile
2880 3979 3094 4059 dictu,-
3166 3991 3397 4070 quanta
3479 4005 3589 4051 nu·
3671 3989 3678 4008 ¹

2022 4105 2267 4150 morum
2356 4081 2542 4168 copia
2627 4067 2945 4167 argentum
3015 4105 3136 4171 pro
3208 4107 3351 4153 aere
3420 4105 3589 4154 men·

2231 4333 2285 4401 r)
2323 4335 2479 4389 Num·
2515 4348 2614 4390 vet.
2647 4356 2700 4404 p·
2735 4339 2819 4389 38.
2990 4335 3048 4402 ο)
3082 4337 3117 4388 Ι.
3152 4356 3198 4392 c.
3387 4332 3434 4400 t)
3470 4338 3534 4391 nd

2473 4416 2536 4489 x)
2573 4420 2628 4472 1..
2663 4419 2745 4474 Vl.
2782 4413 2817 4487 §
2850 4421 2931 4474 20.
3153 4422 3221 4490 y)
3254 4418 3317 4477 1..
3355 4419 3566 4490 Quicum

2409 4500 2472 4571 a)
2508 4501 2637 4557 cod.
2674 4503 2733 4561 L.
2768 4502 2875 4556 Vll.
2911 4501 2990 4571 ²3!-
3023 4502 3110 4555 Ill.
3144 4497 3176 4572 5
3212 4506 3260 4557 2.

3150 4607 3194 4675 P

2506 2955 2674 3024 Vide
2735 2957 2891 3026 alibi
2955 2980 3205 3028 severas
3270 2961 3591 3030 Romano·
3689 2959 3704 2964 ’
