4500 5650
842 594 855 599 -
928 553 1019 606 Lx
1074 536 1081 543 ”
1146 614 1149 619 ,
1828 522 2593 605 PROLEGOMENA
2644 528 3220 606 GENERALIA.

940 690 1287 776 sciendum,
1395 702 1805 776 tyrannorum
1898 674 2137 761 numos·
2221 700 2505 781 spectato
2574 705 2756 777 oeae,
2845 692 2928 761 de
3003 693 3228 781 quibus
3293 689 3478 758 altius
3541 638 3821 777 egeram,
3907 687 4146 757 fusioni

942 818 1137 886 opere
1190 818 1266 863 ea
1317 817 1458 863 esse
1515 796 1906 878 conditione,
1960 805 2031 863 ut
2079 794 2267 862 facile
2318 814 2508 884 appa·
2573 794 2813 862 scilieet
2866 794 3212 866 destinatae
3233 794 3311 882 ⁶.)
3398 793 3750 861 Poste-riori
3804 791 3953 859 huic
3999 813 4147 859 sen·

932 910 1103 983 reat,
1176 900 1485 988 exiguam
1530 901 1611 968 iis
1687 896 1992 965 feriundis
2057 918 2264 965 curam
2315 896 2510 963 firisse
2572 898 2806 965 tentiae
2868 897 3233 966 refutandae
3293 917 3429 964 ιιοιι
3496 895 3606 963 diu
3659 892 4145 970 inhaerebimus.

940 1005 1302 1092 impensam.
1367 1002 1539 1081 Quin
1579 1023 1713 1069 non
1756 1001 1986 1069 desunt
2019 998 2311 1088 exempla
2340 1008 2509 1066 certa
2576 1000 2736 1079 Quis
2781 1001 3098 1069 enimvero
3143 1000 3267 1068 sibi
3309 998 3745 1088 persuadebit,
3801 996 3968 1064 hanc
4020 1018 4148 1063 ma-

940 1108 1026 1172 et
1058 1104 1399 1187 evidentia,
1461 1105 1624 1173 alios
1674 1114 1805 1171 tum
1850 1103 2252 1171 accelerandi
2295 1103 2509 1190 operis
2576 1101 2752 1169 tricis
2803 1124 2943 1171 cum
2997 1125 3189 1171 numo
3229 1102 3383 1170 suso
3429 1101 3929 1190 commissuram,
3981 1120 4153 1188 quae
4281 1100 4286 1103 ’
4381 1076 4388 1085 ”

936 1207 1173 1274 modos
1224 1206 1418 1275 fuisse
1478 1206 1849 1289 adhibitos,
1907 1215 2093 1292 atque
2155 1204 2324 1272 istud
2377 1225 2511 1270 non
2577 1205 2834 1272 nonnisi
2902 1207 3083 1291 justo
3169 1206 3472 1295 temporis
3543 1184 3864 1294 impendio
3929 1202 4155 1291 peragi

943 1309 1212 1392 fusione,
1256 1308 1372 1377 sed
1414 1307 1663 1381 malleo.
1735 1309 2048 1379 Nimirum
2089 1308 2292 1376 numis
2334 1323 2512 1396 prae·
2579 1316 2859 1407 poterat,
2913 1317 3265 1396 porrectam
3307 1308 3504 1375 fuisse
3548 1307 3631 1375 ad
3674 1328 3899 1374 numos
3943 1305 4153 1392 singu-

947 1411 1297 1478 cedentium
1380 1412 1821 1500 imperatorum
1905 1432 2148 1494 novos,
2237 1430 2513 1499 suosque
2580 1411 2715 1495 los,
2803 1423 2870 1481 et
2931 1410 3228 1501 quidem
3258 1409 3342 1477 ad
3405 1431 3519 1477 eos
3591 1393 3862 1497 quoque
3908 1428 4154 1488 omnes,

946 1510 1389 1631 impresserunt
1452 1522 1662 1602 typos.
1758 1513 2103 1582 Evidenter
2167 1512 2340 1581 istud
2397 1511 2512 1579 do·
2580 1514 2807 1605 quibus
2847 1524 3138 1605 propter
3195 1523 3416 1602 typos
3445 1512 3830 1591 humiliores
3872 1511 3994 1578 hac
4048 1530 4156 1576 so·

922 1624 1095 1682 cent
1128 1616 1313 1693 numi
1369 1615 1695 1704 Regaliani
1752 1625 1817 1684 et
1867 1615 2289 1698 Druantillae,
2356 1635 2508 1703 quo·
2577 1617 2758 1684 lertia
2800 1627 2866 1686 ct·
2905 1614 3237 1685 sedulitate
3288 1637 3449 1706 opus
3494 1636 3626 1682 non
3664 1614 3821 1681 fuit?
3904 1605 4160 1679 Etenim

846 1766 857 1779 .
950 1736 1085 1791 rum
1155 1716 1440 1807 plerique
1511 1719 1826 1808 duplicem
1911 1710 2184 1787 offerunt
2269 1727 2522 1806 typum,
2578 1720 2635 1787 si
2693 1721 2896 1803 numi,
2977 1742 3140 1810 quos
3208 1722 3561 1788 subaerato:
3624 1717 3725 1789 vel
3778 1718 4160 1801 palliandam

914 1810 1028 1887 'ac
1098 1829 1371 1888 veterem
1428 1822 1695 1910 quidem
1764 1820 2162 1905 caracallae,
2250 1819 2513 1885 Maesae
2577 1844 2905 1913 vqcamus,
2996 1823 3235 1911 absque
3303 1823 3599 1905 fusione,
3679 1832 3850 1909 quae
3935 1817 4158 1906 utique

951 1933 1065 1990 etc.
1111 1944 1193 1990 ex
1232 1923 1504 1991 residuis
1547 1924 1744 1992 literis
1789 1946 1865 1991 ac
1905 1924 2119 2011 figuris
2171 1942 2515 2010 agnosccn-
2582 1922 2792 1992 locum
2876 1923 3113 1993 habere
3185 1938 3322 1992 ιιοιι
3379 1926 3619 2014 potuit,
3703 1922 3851 1989 solo
3899 1919 4156 1988 malleo

949 2000 1129 2109 dum,
1182 2025 1497 2093 novicium
1540 2047 1757 2093 eorum
1798 2027 2099 2116 ipsorum.
2186 2025 2357 2095 Vide
2395 2047 2515 2093 suo
2575 2004 2710 2095 tam
2769 2049 2960 2117 saepe
3025 2026 3370 2115 eleganter*
3401 2026 3660 2099 formari
3727 2035 4026 2117 potuere,
4091 2031 4162 2091 et

842 2219 852 2228 υ
949 2126 1101 2194 loco
1163 2128 1482 2214 utriusque
1539 2150 1784 2196 numos.
1873 2128 2066 2214 Atqui
2129 2138 2352 2245 suapte
2406 2149 2514 2212 pa·
2585 2129 2850 2215 quidem
2889 2130 3136 2194 incluso
3166 2129 3441 2213 -saepius
3494 2128 3661 2194 intus
3709 2129 3917 2211 ferro,
3981 2123 4162 2215 quod

952 2240 1073 2311 tet,
1159 2227 1417 2295 modum
1480 2229 1669 2319 hunc
1724 2228 1987 2296 fusione
2048 2230 2275 2317 peragi
2336 2226 2515 2295 nullo
2581 2228 2728 2316 ipso
2783 2248 2930 2294 aere
2996 2225 3210 2294 durius
3274 2236 3401 2309 est,
3473 2249 3583 2295 cur
3644 2227 3814 2296 idem
3881 2224 4160 2296 obtineri

951 2338 1138 2429 pacto
1182 2330 1486 2417 potuisse.
2587 2351 2721 2397 nou
2761 2318 3073 2419 potuisset
3123 2352 3161 2396 a
3214 2331 3575 2398 monetariis
3631 2330 3901 2419 publicis
3958 2329 4157 2397 omni-
4227 2386 4244 2393 -

1124 2431 1266 2497 Viri
1308 2430 1534 2499 eruditi
1589 2452 1722 2499 non
1756 2433 1986 2520 pauci,
2045 2452 2186 2498 cum
2234 2430 2524 2500 viderent
2588 2433 2709 2501 bus
2751 2434 2901 2502 artis
2943 2452 3106 2500 suae
3157 2431 3549 2501 adminiculis
3599 2435 3914 2523 apprime
3929 2433 4156 2499 instru-

954 2534 1023 2599 in
1048 2534 1265 2600 *numis
1319 2545 1596 2601 veterum
1654 2555 1816 2622 opus
1873 2533 2056 2600 altius
2113 2543 2401 2615 exstans,
2459 2543 2524 2601 et
2590 2535 2745 2602 ctis?
2838 2534 3090 2603 Deinde
3148 2556 3336 2625 causa
3398 2557 3483 2603 ex
3532 2536 3752 2605 formis
3807 2534 4160 2623 argillaceis

958 2634 1330 2723 adsurgens,
1385 2658 1571 2725 quam
1627 2646 1699 2703 ut
1732 2635 1941 2717 ‘unius‘
1985 2635 2195 2703 mallei
2239 2654 2365 2725 ope
2403 2659 2521 2727 po·
2589 2646 2771 2726 capta
2843 2636 2991 2705 huic
3062 2648 3432 2726 argumento
3486 2639 3647 2706 male
3714 2634 4157 2711 adcommoda·

956 2739 1179 2806 tuisset
1238 2739 1486 2830 peragi,
1560 2758 1989 2828 quamcunque
2069 2738 2333 2817 velimus
2398 2761 2524 2807 ma·
2589 2749 2720 2824 tur,
2777 2748 2848 2807 ut
2901 2751 3093 2829 sup-ra
3141 2740 3722 2809 demonstravimus.
3759 2782 3764 2791 ·
3821 2739 4020 2820 Quod
4075 2736 4164 2805 ad
4255 2728 4274 2749 ³

957 2841 1131 2908 uici
1184 2849 1464 2930 spectata
1550 2838 1779 2908 duritie
1862 2840 2135 2917 tribuere
2207 2849 2525 2929 praestan·
2590 2860 2820 2907 numos
2901 2839 3200 2926 majoris*
3250 2842 3586 2909 voluminis
3681 2844 3929 2926 attinet,
4023 2863 4165 2910 non
4257 2909 4270 2918 ,

754 2929 767 2944 ’
892 2989 903 3000 .
957 2943 1107 3011 tiam
1124 2991 1143 3025 ,
1211 2943 1439 3033 qualia.
1475 2941 1842 3031 plerumque
1901 2951 2071 3009 sunt¹
2113 2943 2317 3031 capita
2383 2963 2525 3030 par-
2594 2944 2790 3010 ausim
2855 2963 3114 3044 negare,
3194 2942 3251 3010 si
3309 2945 3416 3033 qui
3459 2935 3685 3011 'fuer-e.
3713 2945 4164 3034 magnitudinis
4229 3025 4238 3036 Ο

880 3087 889 3092 -
958 3047 1041 3113 tis
1097 3047 1369 3129 anticae,
1434 3047 1501 3111 in
1564 3046 1835 3114 animum
1892 3066 2071 3113 suum
2122 3045 2524 3127 induxerunt,
2593 3044 3157 3127 extraordinariae,
3246 3067 3361 3113 eos
3422 3047 3689 3134 primum
3751 3048 3962 3131 fusos,
4051 3048 4162 3116 de·

959 3171 999 3224 a
1034 3147 1429 3217 monetariis·
1455 3148 1721 3238 primum
1773 3170 2001 3220 numos
2042 3149 2119 3215 in
2170 3148 2388 3215 formis
2444 3168 2527 3214 ex
2592 3147 2743 3215 inde
2827 3147 3059 3216 malleo
3128 3146 3373 3232 finitos,
3461 3149 3635 3237 quod
3710 3149 4027 3240 hodieque
4093 3150 4163 3217 in

959 3245 1100 3338 ipsa
1163 3251 1421 3318 matrice
1491 3252 1721 3337 captis'
1774 3250 1982 3333 fusos,
2070 3250 2304 3317 deinde
2387 3270 2528 3326 cum
2592 3251 2798 3319 numis
2857 3251 2940 3319 ad
2999 3252 3481 3319 ostentationem
3536 3252 3717 3320 factis
3777 3251 3911 3321 fieri
3967 3247 4162 3336 solet,

918 3411 925 3420 .
961 3354 1217 3420 matrice
1268 3351 1565 3422 adcurate
1621 3353 1995 3420 commissos
2050 3352 2261 3418 mallei
2302 3352 2528 3419 ictibus
2591 3353 2808 3420 licebit
2866 3363 3090 3422 tamen.
3142 3377 3500 3445 opponere,
3588 3357 3883 3445 primum,
3968 3355 4162 3442 gemi-

738 3541 753 3553 .
842 3451 849 3454 ’
965 3475 1318 3542 supremum
1391 3454 1658 3521 nitorem
1728 3475 1803 3520 ao
1864 3453 2315 3541 perfectionem
2384 3452 2528 3521 ade·
2596 3464 2809 3523 natum
2862 3454 3032 3524 hunc
3089 3457 3376 3527 laborem
3424 3457 3594 3546 forte
3643 3454 3778 3526 non
3817 3458 4011 3526 fuisse
4053 3478 4164 3525 ne-

962 3566 1131 3645 ptos.
1235 3553 1509 3623 Modum
1580 3554 1749 3622 hunc
1808 3558 2080 3640 curatius
2151 3558 2532 3647 descriptum
2599 3557 2964 3642 cessarium,
3051 3558 3284 3628 deinde
3323 3570 3540 3628 -eerta‘
3594 3572 3841 3631 exstare
3908 3560 4164 3643 indicia,

963 3655 1112 3726 vide
1178 3657 1346 3747 apud
1419 3659 1755 3742 Savotum,
1825 3660 1933 3748 qui
2003 3681 2143 3726 cum
2213 3659 2533 3750 plerisque
2599 3662 2783 3730 etiam
2883 3608 2968 3728 ad
3060 3657 3314 3731 maitimi
3399 3664 3642 3734 moduli
3719 3687 3945 3733 numos
4027 3684 4167 3731 non

963 3760 1104 3829 aliis
1176 3762 1243 3828 in
1312 3758 1549 3828 eadem
1596 3759 1743 3828 fuit
1800 3763 2111 3829 sententia
2135 3762 2219 3849 ¹.)
2347 3763 2531 3832 Vltra
2594 3784 2834 3854 paucos
2905 3784 3096 3848 unum
3172 3765 3518 3835 adhibitum
3585 3767 3779 3836 fuisse
3850 3765 4162 3835 malleum.

963 3885 1336 3954 progressus
1382 3872 1479 3930 est
1521 3849 1851 3944 sobam,
1910 3866 2018 3954 qui
2072 3864 2334 3932 eandem
2379 3886 2529 3955 ope·
2595 3866 2752 3933 Non
2839 3865 3034 3934 fuisse
3118 3877 3244 3935 tam
3329 3872 3779 3954 necessarium,
3865 3851 4162 3937 exisffino

964 3987 1098 4034 ram
1149 3968 1492 4054 impensam
1546 3964 1709 4034 dixit
1763 3967 1948 4034 etiam
2004 3968 2208 4034 §umis
2271 3953 2570 4037 minoris
2595 3980 2961 4060 propterea,
3036 3974 3210 4060 quia,
3288 3985 3654 4061 antequam
3685 3971 3951 4068 orbiculi
4011 3971 4162 4038 mal·

963 4061 1239 4151 moduli,
1292 4063 1498 4160 neque
1552 4079 1681 4136 tam
1733 4067 1858 4137 alte
1912 4071 2324 4157 prominentis
2376 4094 2526 4163 ope-
2593 4071 2700 4140 leo
2788 4073 3346 4157 committerentur,
3433 4075 3654 4144 eorum
3719 4074 3992 4143 durities
4035 4091 4167 4163 ope
4217 4149 4226 4156 ,

963 4173 1073 4256 ris,
1121 4170 1338 4260 quales
1381 4181 1528 4239 sunt
1568 4171 1808 4240 denarii
1850 4170 2298 4241 Romanorum.
2370 4175 2527 4242 Cau·
2575 4175 2790 4266 ignis
2787 4185 2874 4243 et
2921 4176 3307 4244 vehementis
3350 4170 3579 4246 caloris
3623 4178 3712 4246 ita
3763 4178 3971 4267 potuit
4011 4187 4176 4244 tem-

963 4283 1130 4358 sam,
1187 4295 1297 4342 eur
1337 4273 1507 4341 istud
1550 4274 1672 4342 sibi
1714 4272 2147 4361 persuaderet,
2199 4275 2525 4364 praeclaro
2592 4277 2829 4367 perari,
2883 4286 2973 4345 ut.
3005 4278 3262 4368 ictibus„
3288 4280 3493 4348 minus
3533 4281 3909 4349 resisterent.
3995 4278 4170 4347 Vide

966 4376 1204 4446 auctori
1256 4371 1580 4464 -deder'unt
1642 4384 1925 4465 repertae
1970 4375 2230 4445 *formae
2280 4378 2525 4468 argilla·
2593 4381 2897 4451 Savotum
2910 4389 2989 4460 ἒ).
3073 4383 3352 4451 Tametsi
3413 4383 3563 4453 huie
3634 4405 3735 4452 me
3797 4382 4171 4473 explicatio·

1098 4595 1162 4665 n)
1192 4597 1351 4670 ⁸Num.
1387 4603 1489 4654 aut.
1524 4598 1583 4655 P.
1616 4599 1658 4652 1.
1682 4619 1741 4657 c.
1774 4594 1828 4652 6.
1969 4595 2038 4668 ο)
2071 4596 2227 4655 Tou.
2257 4600 2296 4654 1.
2332 4620 2382 4671 p.
2418 4595 2536 4656 344.
2673 4601 2733 4673 p)
2769 4603 2922 4660 Num.
2958 4562 3173 4668 Ana-P.
3206 4605 3244 4660 1.
3278 4625 3320 4661 c.
3355 4589 3406 4658 6.
3470 4625 3480 4636 ³
