4500 5650
1439 524 2357 619 .οΛΜΡΑΝιΑ

308 688 612 777 Graecis,
656 707 739 755 an
790 688 1052 756 contra?
1136 684 1603 756 Hancarvillius
1645 708 1890 755 numos

307 792 778 859 Cumaeorum
740 831 792 872 5
872 790 1253 885 aliarumque
1348 792 1687 858 vicinarum
1773 812 1872 859 ur·

239 924 249 935 ·
301 893 475 962 bium
523 896 719 974 Osce,
773 892 910 959 sive
927 893 1218 963 Etrusco
1256 893 1626 981 inscriptos,
1671 892 1873 979 signa·

281 995 408 1063 ’tos
450 994 692 1063 adserit
732 995 931 1061 multo
976 1007 1147 1078 ante,
1203 1017 1386 1084 quam
1429 996 1643 1083 lingua
1682 997 1873 1062 Grae-

303 1120 381 1165 ca
433 1098 506 1163 in
553 1088 954 1185 Campaniam
991 1107 1182 1165 “esset
1238 1100 1502 1186 invecta.
1601 1098 1705 1163 Ex
1727 1117 1876 1184 =quo

299 1200 501 1282 effici,
559 1202 789 1288 inquit,
813 1221 1070 1267 ,numos
1113 1210 1354 1282 notos‚·
1394 1200 1503 1287 qui
1548 1186 1879 1266 Cumarum

303 1311 370 1370 et
424 1302 668 1369 Literni
720 1302 978 1368 nomina
1026 1288 1224 1371 literis
1277 1302 1585 1379 Etruscis
1619 1304 1879 1385 conjun-

301 1404 492 1491 gunt,-
551 1413 954 1471 monumenta
1014 1426 1156 1498 esse
1206 1404 1529 1492 potentiae
1578 1403 1878 1468 Etrusco·

301 1525 460 1585 rum,
505 1514 570 1572 et
611 1524 801 1572 cusos
846 1528 926 1572 eo
970 1491 1288 1595 tempore,
1317 1526 1447 1593 quo
1489 1504 1559 1570 hi
1601 1506 1669 1571 in
1701 1504 1878 1571 Cam·

1942 708 2182 755 mmo
2253 685 2484 754 doctus
2554 687 2813 774 Ignarra
2831 737 2849 767 ‚
2935 660 3325 775 nequaquam
3396 685 3510 753 do·

1942 792 2176 887 cuisset
2217 794 2299 870 ·),
2369 811 2594 855 numos
2654 790 2993 877 inscriptos
3045 781 3521 856 ΒΙΣΊὟῩΙΣ
3606 802 3645 865 ·,

1943 882 2084 960 esse
2137 886 2521 980 antiquiores
2571 894 2776 958 numis
2826 891 3087 961 nomine
3128 891 3515 960 Posidoniae

1942 996 2205 1077 notatis,
2296 1016 2440 1061 nam
2500 1001 2802 1080 utrosque
2865 1015 3091 1063 numos
3135 996 3311 1061 vario
3361 1004 3514 1062 tem·

1945 1118 2104 1185 pore
2169 1096 2339 1185 apud
2406 1096 2572 1163 hanc
2643 1095 2863 1162 urbem
2926 1098 3205 1189 signatos
3278 1096 3513 1178 statuit,
3632 1096 3637 1101 ⁴
3700 1194 3715 1207 ,
3838 1162 3845 1169 ,
3894 1060 3901 1067 -

1946 1200 2039 1265 sie
2090 1208 2160 1263 ut
2213 1203 2293 1267 'ea
2334 1197 2519 1283 urbs,
2584 1218 2722 1263 cum
2766 1198 2941 1265 illam
2982 1198 3189 1267 adhuc
3230 1204 3517 1270 tenerent

1943 1300 2303 1387 Tyrrheni,
2416 1300 2729 1397 diceretur
2809 1302 3180 1381 Parta-sium,
3281 1299 3517 1370 deinde

1943 1401 2046 1470 his
2108 1425 2164 1475 a.
2208 1401 2519 1483 Sybaritis
2585 1394 2820 1468 exactis
2889 1404 3130 1469 Graece
3179 1405 3514 1471 Posideum

1944 1506 2082 1579 Eos
2133 1492 2465 1592 appello,'
2485 1504 2595 1591 qui
2645 1524 2727 1569 cx
2770 1496 2969 1591 longo
3013 1526 3131 1579 usu
3173 1503 3257 1570 de
3298 1524 3515 1573 numo-

3370 522 3555 596 121.
3628 508 3683 543 ‘⁹

177 1602 206 1626 ⁴
299 1618 513 1695 pan'os
566 1608 1082 1691 dominabantur,
1147 1618 1217 1675 et
1279 1609 1588 1697 probare,
1631 1615 1880 1699 ,utram-

1945 1628 2082 1674 rum
2168 1608 2343 1674 varia
2425 1606 2793 1693 antiquitate
2879 1606 3295 1673 confidentius
3363 1626 3516 1695 pos·

304 1730 433 1798 que
486 1710 705 1778 urbem
764 1712 1107 1793 exstitisse,
1151 1720 1504 1823 antequam
1546 1709 1881 1776 Euboeen·
1925 1718 2094 1776 sunt
2143 1708 2464 1788 arbitrari,
2518 1707 2811 1773 ausurine
2852 1708 2978 1777 sint
3019 1720 3350 1796 argenteos
3392 1709 3516 1778 hos
3594 1764 3601 1771 .

245 1824 254 1837 “
299 1832 412 1880 ses
462 1813 534 1899 in
585 1814 842 1881 Italiam
881 1796 1199 1903 appellere
1387 1813 1567 1879 Haec
1606 1812 1703 1879 vir
1743 1832 1881 1878 eru·
1947 1810 2238 1878 numulos
2282 1813 2416 1879 sive
2456 1810 2753 1888 Etrusco,
2799 1810 2933 1879 sive
2964 1811 3135 1891 Osce
3176 1813 3515 1902 inscriptos

295 1912 475 1981 ditus
507 1916 583 2001 ).
669 1916 1193 1985 Euboeensium
1173 1939 1193 1980 1
1282 1914 1448 1980 hanc
1473 1927 1665 1980 oram
1707 1934 1877 1978 com·
1944 1912 2149 1979 numis
2200 1912 2361 1977 illis
2384 1911 2835 1997 antiquissimis
2874 1912 3139 1994 incusis,
3208 1922 3274 1980 et
3313 1916 3513 1979 nomi·

299 2018 596 2134 migratio
661 2017 729 2081 ἰιι
801 2027 1089 2105 tempora
1137 2018 1418 2102 Trojana
1471 1985 1726 2096 incidit,
1809 2023 1879 2081 ut
1944 2032 2028 2078 ne
2083 2016 2167 2079 11
2168 2012 2323 2078 OM
2372 2012 2441 2079 id
2498 2022 2628 2079 est:
2714 2014 3101 2091 Panum,
3168 2014 3535 2100 insignibus‘

295 2119 451 2206 ipse
481 2120 576 2183 e'x
621 2117 874 2204 ‘VelleJo
918 2119 1188 2186 conficit.
1254 2117 1416 2185 Sed
1458 2118 1622 2184 enim
1665 2115 1877 2182 multis
1944 2112 2299 2201 praeferre?
2428 2115 2888 2195 Guarnaccius,
2987 2115 3095 2202 qu'i
3178 2118 3516 2202 generatim

302 2217 774 2285 conflictabitur
860 2218 1326 2289 difficultatibus
1347 2263 1366 2301 ,
1461 2222 1519 2286 si
1602 2218 1879 2335 probare
1947 2226 2200 2304 quoque
2240 2236 2468 2282 numos
2509 2216 2811 2282 Etruscos
2855 2204 3190 2304 Oscosque
3229 2227 3505 2305 praesta·

301 2320 634 2400 institerit,
700 2319 895 2409 quod
939 2321 1338 2407 probandum
1401 2328 1537 2385 erat
1589 2320 1879 2398 maxime,
1947 2337 2018 2386 re
2085 2315 2342 2383 Graecis
2411 2324 2613 2382 aetate
2676 2316 2951 2399 sanxit,
2990 2331 3355 2407 comparato
3399 2341 3516 2388 nu

307 2443 387 2489 ea
422 2424 556 2506 jam
600 2428 802 2486 aetate
843 2430 1136 2487 monetae
1176 2442 1356 2487 usum
1409 2420 1631 2501 fuisse,
1693 2430 1882 2506 atque
1948 2439 2055 2485 mo
2111 2414 2551 2487 Herculanei
2528 2418 2857 2506 inscripto
2910 2414 3178 2487 Etrusco
3220 2421 3520 2491 HRCVL

305 2524 500 2592 etiam
562 2540 701 2587 cum
765 2521 894 2587 ho'c
960 2522 1354 2610 probaverit,
1419 2507 1666 2609 urgebit
1725 2519 1882 2585 diffi·
1950 2541 2092 2585 cum
2177 2519 2478 2585 Graecis
2545 2518 2825 2604 ejusdem
2933 2520 3133 2589 urbis
3203 2524 3518 2614 inscriptis

307 2625 516 2691 cultas
583 2623 708 2690 alia
772 2644 970 2725 aeque
1029 2625 1269 2709 gravis,
1323 2624 1500 2713 ‘sitne
1557 2621 1881 2704 credibile,
1949 2620 2576 2703 ΗΡΑΚΛΗῙΩΝ,
2596 2620 2803 2687 illum
2840 2621 2941 2688 his
2984 2623 3184 2691 multo
3227 2648 3369 2694 esse
3410 2648 3517 2694 an-

289 2726 601 2815 „potuisse
655 2724 739 2792 ad
789 2735 1069 2792 nostram
1113 2746 1311 2813 usque
1350 2735 1614 2793 aetatem
1659 2723 1885 2790 durare
1947 2721 2283 2809 tiquiorem
2351 2704 2628 2786 adseruit
2656 2719 2726 2802 ‘).
2796 2722 2948 2789 Vt
3009 2724 3276 2809 ιιιίιιοιιι,
3347 2726 3520 2796 hune

311 2829 456 2898 aevi
541 2838 670 2895 tam
751 2830 976 2895 remoti
1050 2837 1466 2918 monumenta.
1599 2826 1906 2913 Denique
1951 2845 2131 2892 suum
2205 2830 2460 2892 numum
2529 2772 2859 2890 Etruscum
2930 2828 3325 2900 verisimilius
3384 2851 3518 2898 non

223 2933 459 3020 ,‘ipsa
543 2951 874 3008 numorum
956 2929 1223 3012 fabrica,
1312 2933 1472 3018 quae
1540 2928 1610 2994 in
1681 2928 1894 2998 numia
1951 2947 2093 2991 esse
2161 2923 2575 3005 Herculanei,
2641 2934 2712 2990 ut
2776 2924 2857 2991 ad
2921 2927 3084 2995 hanc
3146 2930 3521 3020 Campaniae
3654 2941 3663 2948 “

315 3032 583 3120 Graecis
668 3008 919 3120 Capuae
997 3042 1064 3099 et
1133 3031 1462 3098 Cumarum
1545 3028 1886 3098 remotissi
1950 3026 2169 3098 urbem
2226 3026 2518 3114 proxime
2576 3027 2964 3118 monuimus,
3036 3030 3211 3106 istud
3263 3043 3518 3119 certum,
3592 3039 3603 3046 “

311 3153 485 3198 ιιιιιιιι
529 3153 774 3198 aevum.
790 3134 987 3221 sapit,
1053 3134 1258 3224 numis
1304 3133 1523 3214 Oscis,
1592 3154 1668 3197 ac
1681 3149 1948 3226 prae·
1951 3148 2210 3195 numos
2251 3129 2567 3208 Graecos,
2645 3149 2809 3215 quos
2866 3127 3108 3214 laudat,
3165 3134 3520 3254 inscriptos

311 3234 510 3322 cipue
593 3231 908 3304 Nuceriae
992 3243 1059 3306 et
1125 3234 1329 3302 Teani
1397 3253 1513 3321 per
1579 3253 1887 3328 summam
1951 3229 2611 3311 ΗΡΑΚΛΗΙΩΝ,
2659 3229 2739 3296 ab
2805 3232 3097 3300 omnibus
3150 3235 3522 3324 insignioris

315 3329 706 3421 elegantiam
774 3335 1124 3402 Alexandri
1208 3334 1304 3400 Μ.·
1392 3355 1550 3401 aevo
1637 3334 1887 3419 dignam
1953 3341 2144 3398 notae
2221 3331 2585 3420 antiquariis
2661 3333 2852 3399 tribui
2915 3331 3262 3403 Heracleae
3326 3340 3524 3408 Luca·

313 3439 522 3506 multo
594 3438 905 3503 recentius
968 3436 1175 3524 palam
1225 3423 1632 3516 testantibus,
1694 3435 1892 3501 abu‘n
1953 3432 2127 3512 niae,
2189 3432 2409 3508 saltem
2468 3456 2516 3499 a
2577 3433 2826 3500 nemine
2886 3434 3288 3505 Herculaneo
3344 3442 3522 3510 Cam·

318 3537 404 3606 de
447 3537 661 3620 docet,
706 3560 748 3604 a
785 3539 998 3623 lingua
1033 3539 1283 3604 ,Graeca
1327 3537 1395 3602 in
1428 3537 1658 3603 Oscani
1703 3534 1889 3604 defle·
1954 3535 2197 3624 panias.
2295 3533 2508 3602 Nemo
2561 3533 2750 3604 velim
2793 3537 3083 3617 miretur,
3151 3560 3189 3605 a
3229 3542 3381 3610 viris
3424 3545 3523 3612 his
3582 3555 3587 3560 '

317 3661 506 3722 xum,
561 3641 707 3706 sive
769 3639 1101 3725 indigenae
1172 3639 1326 3706 Osci
1375 3636 1562 3704 urbes
1617 3637 1891 3704 Graecas
1957 3634 2217 3701 eruditis
2293 3646 2468 3703 tauta
2539 3638 2823 3706 nunciari
2893 3640 2990 3704 rei
3062 3642 3526 3714 numismaticae

319 3742 447 3809 sibi
491 3741 814 3829 paullatim
857 3742 1181 3827 subJecere
1196 3787 1218 3820 ,
1262 3739 1398 3806 sive
1439 3735 1615 3826 quod
1652 3745 1894 3804 veteres
1957 3737 2259 3804 Etruscae
2338 3737 2663 3826 prodigia,
2750 3759 2890 3806 cum
2969 3740 3160 3808 iidem
3224 3733 3527 3815 adserere

315 3843 550 3912 coloni
581 3845 807 3911 Graeci
849 3864 964 3931 per
1007 3843 1266 3930 longum
1308 3859 1447 3906 eum
1488 3839 1675 3906 Oscis
1715 3859 1896 3905 usum
1960 3858 2096 3905 non
2157 3835 2610 3923 dubitaverint,
2696 3863 2736 3907 a
2800 3841 3016 3929 lingua
3079 3844 3340 3913 Etrusca
3398 3849 3525 3916 for·

295 3946 568 4036 patrios
662 3965 940 4014 mores
968 3963 1043 4009 ac
1148 3942 1422 4026 linguam
1515 3940 1894 4023 dedidicere,
1959 3949 2188 4006 matam
2247 3941 2515 4036 primum
2583 3943 2916 4024 Graecam,
2984 3937 3245 4010 deinde
3279 3958 3343 4013 et
3406 3950 3525 4018 La-

315 4047 509 4170 quod
591 4045 675 4114 de
758 4021 1049 4124 Cumanis
1121 4040 1354 4128 diserte
1424 4041 1616 4109 tradit
1686 4041 1896 4109 Velle·
1963 4038 2188 4122 tinam,
2248 4052 2413 4108 artes
2482 4041 2700 4108 omnes
2764 4042 2846 4108 ab
2911 4042 3162 4112 Etruria
3208 4045 3278 4114 in
3334 4049 3525 4117 Grae·

314 4147 590 4236 φιβ““)ιυ
704 4149 995 4214 Cumanos

326 4253 540 4332 Quem
593 4248 806 4319 locum
855 4248 913 4315 si
964 4243 1316 4314 adcuratius
1359 4243 1766 4333 expendisset
1804 4246 1900 4313 vir
1961 4248 2258 4333 portenta
2306 4244 2431 4332 alia
2480 4244 2670 4318 fidem
2722 4246 3111 4335 superantia,
3187 4267 3371 4337 quam
3411 4273 3529 4342 po·

2388 4480 2442 4550 e)
2479 4483 2545 4538 dc
2582 4482 2693 4539 Pal.
2731 4483 2889 4554 Neap.
2922 4503 2972 4558 p.
3005 4478 3128 4541 264.
3236 4535 3245 4539 -

469 4485 532 4548 οἷ
565 4484 820 4552 Antiquit·
858 4483 924 4534 dc
947 4483 1030 4536 M.
1069 4481 1337 4544 Ramilton
1374 4479 1438 4531 T.
1471 4480 1512 4532 1.
1548 4499 1600 4552 p.
1635 4472 1726 4537 47„

468 4569 531 4640 f)
567 4567 714 4634 orig.
747 4566 859 4621 lut.
896 4565 963 4620 Τ.
997 4561 1058 4619 11.
1095 4583 1148 4633 p.
1183 4566 1301 4620 22⁵.

399 4650 672 4719 (Vobs.)
725 4711 736 4718 ⁴
783 4685 790 4694 ·
849 4653 918 4714 ,³

1856 4467 1916 4542 a)
1951 4475 2084 4564 ni.
2118 4502 2163 4535 0.
2197 4473 2247 4536 ι.

1098 4147 1257 4210 Osca
1340 4149 1586 4210 muctam&
1666 4150 1896 4212 vim
1964 4145 2120 4209 ciam
2184 4140 2419 4224 illatas,
2485 4152 2550 4208 et
2608 4163 2766 4230 quae
2828 4151 2975 4210 sunt
3034 4142 3218 4233 hujus
3280 4171 3528 4237 genens
3616 4175 3627 4224 .·
3688 4171 3700 4182 -
