4500 5650
800 502 805 509 ’
920 568 1062 624 m
1185 599 1193 606 .
1441 512 1449 529 ‘
1748 642 1755 657 ⁶
1842 544 2601 663 eRoLEcoMENA
2665 496 3254 627 GENERALIA.

1857 728 3166 941 ·CAPVT.xu1‚'

1646 1098 1671 1112 ,
1795 1019 1933 1093 De
1982 1019 2199 1119 jure
2238 1017 2766 1127 serz‘undae
2832 1032 3284 1093 monetae.

939 1203 1160 1311 Omni
1226 1248 1382 1294 aevo
1437 1231 1547 1313 jus
1612 1225 1938 1295 feriundae
1998 1236 2318 1311 monetae*
2349 1246 2512 1293 sum·
2579 1246 2806 1300 numos
2878 1204 3032 1295 novi
3095 1216 3427 1316 principis}
3472 1224 3679 1313 effigie
3743 1224 4022 1312 insignes
4061 1226 4164 1313 ⁸).

937 1334 1079 1401 inae
1148 1333 1216 1397 in
1285 1331 1613 1420 republica
1682 1329 2012 1418 potestatis
2088 1337 2514 1417 argumentum
2578 1329 2885 1414 Severus,
2966 1339 3038 1397 ut
3099 1329 3346 1397 aemulo
3409 1328 3644 1397 Clodio
3701 1328 3941 1398 Albino
4014 1350 4166 1417 per·

939 1437 1057 1504 fuit
1099 1432 1411 1516 habitum,
1468 1444 1531 1501 et
1582 1434 1636 1499 si
1689 1433 1831 1519 quis
1885 1431 2043 1500 illud
2098 1433 2221 1503 sibi
2261 1452 2513 1519 arroga-
2580 1431 2902 1515 suaderet,
2961 1442 3196 1500 eum‘a
3249 1453 3321 1500 se
3374 1433 3586 1500 animo
3625 1453 3759 1501 non
3802 1432 3986 1515 ficto,
4038 1429 4166 1499 sed
4285 1463 4290 1466 ·

937 1539 1057 1621 vit,
1121 1537 1443 1603 involasse
1504 1538 1691 1605 etiam
1752 1535 1820 1600 in
1872 1557 2173 1604 summam
2228 1546 2507 1626 potesta·
2581 1534 2851 1605 sincero·
2917 1536 2986 1603 in
3057 1530 3303 1625 imperii
3391 1537 3758 1603 societatem
3841 1545 4163 1616 vocatum,

940 1642 1069 1719 teni
1111 1646 1211 1707 est
1254 1637 1554 1709 creditus..
1618 1639 1730 1705 Jus
1773 1637 1943 1704 istud
1989 1641 2095 1728 qui
2123 1640 2363 1723 hahuit,
2410 1648 2516 1706 aut
2583 1638 2826 1706 Romae
2899 1644 3130 1706 numos'
3216 1661 3356 1706 cum
3427 1644 3564 1726 ejus
3640 1640 3908 1727 imagine
3971 1636 4164 1707 feriri

940 1738 1068 1812 sibi·
1128 1742 1347 1809 deberi
1409 1739 1705 1823 credidit,
1779 1740 1940 1808 illud
1982 1750 2302 1819 testatum
2364 1740 2515 1811 fecit
2574 1742 2765 1830 J'ussit
2789 1742 2866 1828 ⁶).
2986 1740 3222 1810 Narrat
3294 1740 3758 1831 Philostorgius
3786 1743 3858 1830 Ι’)
3876 1791 3896 1824 ,
3980 1739 4160 1809 stili·

940 1866 1056 1915 seu
1095 1846 1334 1913 inserto
1378 1855 1696 1912 monetae
1693 1847 1968 1913 nomine
2017 1868 2136 1915 suo
2128 1895 2169 1947 ν,
2226 1866 2342 1911 seu
2385 1840 2514 1911 effi·
2586 1846 2856 1915 chonam
2923 1854 3052 1913 tam
3091 1845 3546 1935 impudenter
3577 1843 3974 1930 tyrannidem
4047 1841 4165 1909 ad-

891 1918 1101 2041 qgie,
1118 1955 1231 2017 'seu
1272 1957 1562 2035 utroque.
1627 1948 1789 2035 Ejus
1821 1951 2007 2036 juris
2016 1954 2152 2037 jam
2197 1946 2367 2036 apud
2409 1954 2514 2015 ve-
2585 1948 2882 2033 fectasse,
2955 1960 3027 2016 ut
3087 1958 3404 2019 monetam
3473 1950 3660 2015 etiam
3711 1948 3900 2015 ferire
3968 1966 4165 2013 ausus

939 2061 1101 2119 teres
1150 2052 1248 2117 sic
1302 2050 1629 2118 constituti
1669 2052 1939 2140 insignia
1991 2074 2074 2120 ex
2122 2054 2379 2140 antiqua
2419 2050 2515 2118 hi·
2582 2063 2768 2121 esset.
2840 2054 3015 2140 Ergo
3062 2072 3201 2118 cum
3227 2053 3386 2151 quis
3415 2072 3532 2141 per
3560 2052 3685 2117 vim
3715 2049 3795 2117 ad
3827 2049 4169 2138 imperium

939 2155 1138 2221 storia
1182 2153 1469 2219 dabimus
1514 2156 1839 2239 exempla.
2582 2164 2681 2219 est
2749 2165 3044 2229 vocatus,
3115 2154 3290 2216 velut
3357 2157 3426 2217 in
3478 2154 3737 2235 primis
3751 2152 3999 2236 imperii
4062 2150 4172 2215 sui

926 2258 933 2264 ’
1144 2252 1515 2336 Aryandem
1599 2253 1898 2341 Aegypto
1986 2273 2108 2340 pro
2198 2249 2517 2332 Cambyse
2581 2248 3000 2325 fundamentis
3033 2242 3319 2337 putavit,
3372 2249 3643 2337 effigiem
3697 2272 3873 2335 suam
3914 2251 3980 2315 in
4025 2273 4167 2317 mo-

941 2355 1325 2447 praefectum
1420 2377 1465 2422 a
1556 2376 1925 2422 successore
2011 2353 2212 2420 Dario
2313 2353 2518 2441 capite
2583 2362 2731 2421 ηοω
2771 2352 3028 2442 publica
3067 2374 3447 2442 proponere.
3524 2352 3682 2419 Cum
3723 2352 4007 2457 legiones
4037 2354 4166 2435 Sy-

942 2459 1140 2527 fixisse
1192 2458 1579 2540 damnatum,
1660 2457 1837 2545 quod
1891 2466 2204 2525 monetam
2252 2454 2520 2525 auctori-
2585 2456 2716 2521 riae
2776 2465 2841 2521 et
2880 2455 3161 2545 Aegypti
3202 2457 3660 2545 Vespasianum
3715 2452 4166 2545 imperatorem
4274 2498 4298 2507 --

942 2571 1101 2627 tate
1129 2581 1245 2631 sua
1292 2558 1466 2627 feriri
1507 2559 1731 2646 jussit,
1788 2557 1979 2626 refert
2036 2557 2414 2625 Herodotus
2435 2534 2518 2644 ¹¹).
2586 2557 2926 2642 dixissent,
2970 2567 3179 2645 priua
3227 2562 3371 2635 beai
3406 2583 3590 2640 cura,
3654 2550 3744 2629 ait
3782 2561 4043 2627 Tacitus
4068 2561 4166 2641 ¹¹),

941 2663 1305 2732 Difficilior
1347 2662 1431 2731 ad
1498 2661 1725 2730 famam
1797 2660 2185 2733 Commodus
2204 2710 2224 2745 ,
2292 2661 2519 2728 Peren·
2584 2683 2770 2745 agere
2837 2662 3150 2743 doleam,
3210 2686 3487 2731 revocare
3520 2654 3900 2744 veteranos,⁸
3983 2669 4167 2730 desti-

943 2782 1088 2840 nem
1156 2765 1487 2854 praetorio
1556 2764 1937 2856 praefectum
2016 2764 2334 2852 adfectare
2377 2764 2530 2836 im·
2575 2776 2820 2841 mm
2877 2767 3158 2842 validae
3165 2771 3480 2846 civitates
3555 2770 3900 2836 exerceam}
3967 2787 4164 2832 armo-

942 2869 1217 2959 perium,
1305 2885 1640 2983 persuasus
1724 2863 1994 2952 denique
2070 2862 2190 2930 fuit
2280 2859 2514 2928 oblatis
2587 2883 2723 2942 nrm
2808 2862 3107 2950 offis-nuk,
3194 2868 3365 2947 oepud
3413 2863 3864 2932 Antiochenses
3948 2889 4170 2942 annm

944 2973 1149 3044 nuruis
1204 2973 1350 3055 ejus
1413 2968 1682 3055 imagine
1747 2966 2060 3055 percussis
2079 2968 2163 3047 ¹).
2283 2965 2520 3034 Caesus
2588 2975 3014 3052 &genuumque
3062 2967 3361 3050 signatur.
3449 2964 3581 3032 Vix
3620 2963 3950 3036 Macrinus
3994 2966 4168 3034 dela-

947 3073 1027 3176 ab
1111 3071 1462 3161 Elagabalo
1530 3067 1920 3138 Valerianus*
1992 3070 2251 3149 Paetus,
2321 3066 2522 3158 quod
2588 3075 2714 3134 tam
2789 3090 2853 3138 a
2949 3068 3248 3136 militibus
3346 3065 3685 3160 purpuram
3796 3071 4164 3160 acceptavit,

947 3197 1166 3246 aureas
1218 3197 1365 3244 suas
1420 3175 1726 3262 imagines
1778 3172 2012 3261 signari
2065 3179 2375 3252 curasset,
2432 3179 2522 3237 at·
2586 3177 2789 3238 statim
2873 3177 3045 3256 apud
3124 3168 3496 3250 Antiochiam
3578 3186 3810 3241 moneta
3880 3178 4174 3242 Antonini

949 3297 1087 3368 que
1127 3277 1248 3344 etsi
1302 3299 1457 3364 prae
1508 3299 1580 3344 se
1628 3278 1823 3346 ferret
1874 3276 2040 3364 ipse,
2111 3296 2219 3340 eas
2267 3276 2334 3340 in
2391 3273 2523 3359 pel·
2593 3273 2953 3344 Diadumeni
3031 3280 3261 3342 nemim
3342 3296 3634 3359 percussa
3714 3290 3802 3343 est
3830 3324 3851 3358 ,
3935 3297 4196 3365 nempe*

950 3382 1143 3446 licum
1233 3388 1599 3446 ornamenta
1678 3378 1875 3446 fuisse
1960 3397 2241 3444 cessuras
2268 3425 2285 3459 ,
2380 3374 2525 3460 quia
2594 3385 2665 3444 ut
2729 3375 3111 3464 intelligeret
3183 3376 3389 3460 orbis,
3469 3374 3665 3443 filium
3694 3376 4166 3445 -Diadumenia·

949 3494 1158 3551 tamen
1242 3491 1537 3548 monetae
1582 3483 1848 3547 ‚aureae
1932 3480 2207 3567 speciem
2232 3542 2256 3565 ‚‚
2294 3476 2525 3543 habue-
2592 3497 2742 3544 num
2823 3477 2914 3545 ad
2981 3480 3226 3568 imperii
3298 3480 3687 3547 consortium
3760 3503 3904 3548 esse
3975 3504 4163 3549 voca-

900 3660 907 3669 ,
950 3605 1050 3666 re,
1120 3603 1253 3654 non
1312 3583 1530 3651 vitavit
1597 3579 1843 3671 culpam
1872 3576 1951 3667 ¹).
2072 3583 2227 3648 Cum
2292 3589 2526 3662 essent,
2594 3591 2725 3662 tum
2752 3579 2839 3668 ⁸).
2924 3581 3187 3650 Factum
3228 3582 3414 3649 etiam
3453 3603 3934 3673 nonnunquam,
3984 3594 4055 3651 ut
4095 3585 4167 3667 ii,

955 3687 1063 3776 qui
1148 3683 1428 3752 Firmum
1512 3683 1791 3773 Aegypti
1884 3694 2122 3750 tantum
2218 3682 2528 3751 latronem
2596 3705 2858 3772 quorum
2883 3685 3233 3770 -intererat,
3289 3689 3401 3772 jus
3450 3688 3861 3755 monetarium
3912 3688 4004 3754 sic
4057 3686 4166 3755 de·

850 3871 861 3886 ³
904 3867 911 3882 ,
954 3788 1267 3870 dicerent,
1335 3798 1402 3856 at
1454 3808 1615 3854 non‘
1640 3787 1953 3856 invasisse
2001 3787 2358 3875 imperium,
2411 3808 2525 3880 eos
2592 3798 3041 3877 properarent,
3112 3799 3181 3856 ut
3229 3787 3513 3856 nondum
3573 3791 3727 3857 satis
3749 3833 3754 3836 -
3779 3791 4167 3880 praeparatis

915 3891 1273 3990 „Vopiscus
1314 3891 1565 3979 prolata
1607 3893 1744 3977 ejus
1789 3899 2045 3957 moneta
2084 3889 2524 3978 redarguitffl).
2596 3891 2907 3980 omnihus,
2952 3911 3112 3982 quae
3154 3892 3238 3959 ad
3281 3903 3571 3961 monetae
3612 3894 3933 3992 negotium
3974 3893 4166 3983 p'erti-

826 4041 835 4048 .
958 3994 1088 4074 Qui
1131 3992 1459 4082 Procopii,
1516 3994 1635 4061 sub
1679 3992 1949 4060 Valente
1989 3995 2273 4077 tyranni,
2317 3995 2525 4083 partes
2594 4015 2817 4078 nuere,
2886 3993 3391 4084 praecedentium
3442 3998 3886 4086 imperatorum
3939 4018 4168 4066 numos

819 4126 826 4133 ·
956 4106 1115 4164 sinit
1156 4098 1385 4178 secuti,
1434 4105 1505 4162 ut
1555 4095 2007 4184 persuaderent
2054 4097 2327 4180 Illyriis,
2385 4118 2528 4164 eum
2595 4097 2678 4165 ad
2719 4097 3010 4166 incudem
3051 4108 3450 4180 revocarent,
3512 4099 3688 4192 quod
3731 4101 3884 4169 satis
3927 4121 4028 4169 ex
4047 4117 4167 4170 nu-
4255 4127 4262 4134 ·

955 4219 1098 4267 esse
1151 4200 1620 4288 imperatorem,
1676 4193 2107 4268 ostenderunt
2166 4200 2245 4266 iis
2299 4214 2539 4268 aureos
2593 4201 2714 4272 mis
2756 4191 3085 4289 Regaliani
3127 4212 3193 4270 et
3233 4199 3629 4288 Dryantillae
3674 4203 4016 4298 apparebit.

1091 4452 1142 4521 i)
1185 4455 1239 4506 L.
1276 4453 1440 4510 lvx.
1479 4451 1595 4507 166.
1777 4453 1845 4521 k),
1876 4455 2159 4512 Herodian.
2196 4454 2251 4507 in
2290 4454 2607 4509 Commodo.
2789 4455 2835 4522 l)
2873 4457 2976 4510 Dio
3014 4458 3073 4513 Ι..
3111 4458 3347 4511 Lxxlx.
3384 4455 3417 4532 §
3452 4452 3502 4512 ll.
3689 4457 3771 4524 m)
3811 4458 3864 4510 in
3903 4455 4011 4525 eju·
4049 4458 4167 4511 viu.

958 4535 1027 4605 n)
1054 4537 1325 4594 ammian.
1359 4539 1420 4592 L.
1451 4525 1650 4593 xxvi.
1850 4543 1905 4600 ο)
1942 4540 2222 4612 Herodian.
2260 4539 2319 4596 L.
2353 4540 2411 4596 ll.
2448 4543 2544 4594 sub
2580 4541 2671 4594 fin.
2869 4540 2938 4611 p)
2972 4544 3033 4595 1..
3065 4542 3179 4596 xli.
3217 4565 3259 4602 c.
3299 4549 3343 4601 ¹.
3535 4539 3602 4614 q)
3639 4541 3769 4597 uint.
3810 4542 3867 4595 L.
3903 4541 3964 4593 lli
3999 4559 4044 4597 e.
4084 4544 4170 4595 82.
4249 4551 4266 4564 ⁸

957 4621 1011 4688 r)
1048 4623 1306 4692 Lamprid.
1339 4622 1396 4676 in
1432 4622 1675 4677 Diadum.
3229 4624 3240 4632 ’
