4500 5650
13 5177 28 5250 -··=“

35 5143 44 5160 -

1551 474 2294 627 BAETch
3286 624 3293 631 ,
3427 493 3711 657 ae‘f

314 713 627 800 Augusti,
693 712 810 779 etsi
863 710 1123 778 rudiore
1176 711 1426 801 artificis
1481 734 1698 795 manu,
1762 712 1891 778 exi·
1962 730 2109 791 nus,
2167 715 2346 797 cujus
2399 710 2753 799 exemplum
2794 715 2929 797 jam
2970 713 3040 781 in
3080 720 3333 780 moneta
3358 714 3526 785 Cor-

310 815 525 881 stimat
598 801 958 892 Flumine,
1026 834 1242 901 parum
1302 824 1510 882 motus
1578 814 1891 881 diadema·
1961 810 2164 879 dubae
2207 812 2507 880 dedimus.

313 915 648 1003 te,quod
721 915 1091 1004 plerumque
1149 916 1383 1000 dictum
1440 927 1628 1005 eaput
1681 917 1891 996 ambit,
2059 915 2172 992 Q.
2260 913 2683 982 REDECAL.
2771 914 2900 980 Hic
2971 915 3364 1028 magistratus
3432 921 3525 986 in·

316 1038 505 1106 quam
584 1014 700 1082 ille
781 1009 1136 1086 libertatem
1220 1020 1288 1084 in
1376 1019 1630 1119 colonia
1711 1020 1894 1086 venia
1957 1016 2226 1104 scriptus
2289 1026 2387 1082 est
2438 1017 2709 1083 Vrsonis
2778 1038 2996 1098 numo,
3034 1040 3249 1107 quem
3314 1024 3525 1088 tamen

316 1117 570 1207 dignam
621 1124 817 1206 putat.
881 1119 1033 1185 Sed
1076 1140 1328 1201 vereor,
1388 1143 1474 1189 ne
1509 1106 1681 1195 numi
1724 1122 1889 1187 simi·
1956 1117 2012 1183 F
2014 1117 2288 1184 lorezms
2345 1141 2385 1184 a
2428 1141 2500 1185 se
2551 1112 2684 1187 ιιοιι
2738 1126 3139 1208 conspectum
3182 1142 3266 1215 ex
3302 1115 3522 1190 Rode·
3580 1110 3609 1127 “
3650 1162 3707 1219 --

317 1219 411 1286 les
471 1221 694 1309 operis
741 1241 940 1309 usque
1002 1221 1165 1288 adeo
1230 1222 1433 1306 rudis,
1501 1234 1567 1290 et
1626 1245 1888 1311 quorum
1952 1221 2090 1285 rico
2139 1198 2304 1286 Caro
2349 1221 2516 1287 citat.
2604 1220 2842 1300 Credo,
2895 1208 3315 1307 magistratum
3356 1223 3561 1290 hunc'

320 1343 453 1389 ιιοιι
513 1321 702 1410 pauci
755 1321 996 1389 litteras
1057 1324 1512 1413 Hispanienses
1568 1325 1887 1405 exhibent,
1955 1319 2222 1388 eundem
2280 1323 2547 1391 omnino
2612 1344 2780 1401 esse,
2856 1323 2964 1409 qui
3028 1323 3383 1410 frequenter
3453 1330 3523 1393 in

318 1424 634 1510 Augusti
670 1433 930 1490 aetatem
993 1436 1440 1519 praevertunt.-
1510 1428 1692 1494 vltra
1755 1444 1889 1493 ιιοιι
1957 1423 2237 1490 Carteiae
2289 1425 2495 1491 numis
2548 1424 2803 1511 legitur,
2847 1423 2962 1490 sed
3004 1426 3085 1502 Q.
3127 1423 3522 1494 PEDECAI.

314 1548 533 1621 urgeo.
598 1524 696 1591 In
717 1527 918 1613 capite
961 1528 1248 1594 muliebri
1291 1551 1463 1595 suam
1507 1531 1727 1595 iterum
1769 1530 1888 1595 Isi·
1959 1527 2063 1593 Ob
2109 1525 2371 1593 eandem
2431 1546 2582 1612 ergo
2631 1546 2906 1605 causam,
2932 1547 3169 1612 quam
3192 1547 3347 1597 mox
3397 1550 3521 1614 me-

319 1628 402 1694 da
441 1626 628 1695 videt
657 1625 1006 1693 mormius.
1087 1626 1184 1696 -At
1226 1641 1415 1720 typus
1459 1622 1747 1719 profecto
1790 1631 1885 1696 in·
1952 1630 2222 1708 moravi,
2285 1628 2670 1695 verisimile
2664 1637 2816 1707 ·‚est
2886 1627 3056 1694 hunc
3118 1646 3373 1716 quoque
3439 1633 3520 1767 Q

170 1744 176 1749 ·
317 1730 570 1811 solens,
633 1739 817 1813 caput
880 1730 1063 1796 virile
1133 1731 1405 1818 linguam
1460 1732 1722 1821 turpiter
1776 1753 1883 1799 ex·
1952 1724 2327 1797 Pedecaium
2370 1731 2563 1799 fuisse
2608 1740 3018 1818 quaestorem.

319 1852 567 1911 serens,
612 1833 708 1898 cui
752 1830 1134 1921 explicando
1178 1834 1476 1921 imparem
1519 1856 1590 1903 se
1631 1833 1883 1922 profite-
2555 1832 2592 1871 *
2882 1832 2919 1870 *

317 1945 418 2002 tm·
468 1943 688 2000 auctor
737 1945 981 2017 noster,
1039 1936 1136 2000 sic
1193 1949 1264 2002 ut
1311 1956 1516 2023 neque
1570 1941 1884 2023 conjectu·
2075 1932 2502 2000 VRSONE.
2582 1938 2778 2018 Caput
2834 1933 3113 2015 Augusti
3158 1939 3394 2000 nudum.
3447 1935 3522 2020 J(

322 2055 460 2117 rae,
518 2056 673 2123 quas
715 2035 992 2121 subjicit,
1046 2036 1280 2125 aliquid
1323 2038 1504 2117 lueis,
1560 2040 1706 2126 quia
1746 2038 1883 2105 lon·
1962 2037 2141 2122 Vnus
2193 2049 2467 2102 arrectus
2516 2049 2689 2103 stans
2738 2042 2799 2105 d.
2849 2039 3004 2118 pedo
3065 2055 3297 2101 rmum
3334 2040 3517 2116 lam-i,

321 2140 455 2225 gius
513 2138 773 2226 petitae,
839 2137 1199 2206 adfundant.
1287 2140 1539 2207 Vtinam
1604 2141 1885 2226 aenigma
1950 2157 2002 2200 ε.
2048 2156 2325 2203 coronam
2364 2150 2578 2207 tenens.
3522 2192 3529 2199 .

321 2239 490 2307 istud
552 2238 832 2305 solveret
891 2239 1140 2329 Sphinx
1208 2231 1294 2307 in
1354 2241 1632 2326 ejusdem
1713 2242 1888 2309 numi
2127 2237 2369 2304 Numus
2424 2239 2530 2305 hic
2585 2236 2667 2304 ad
2709 2236 2882 2311 urbis
2925 2255 3159 2303 nomen
3195 2235 3393 2303 haud
3408 2236 3518 2304 du-

319 2351 497 2431 parte
537 2362 758 2409 aversa
799 2341 1136 2409 stabulans.
1953 2337 2060 2409 bie
2145 2332 2410 2410 adludit.
2515 2341 2709 2408 Lauri
2787 2359 3025 2418 ramus,
3110 2346 3175 2405 et
3266 2342 3539 2421 corona.

379 2474 404 2487 -
493 2447 897 2529 Magistratus
941 2445 1272 2523 Quaestor.
1956 2460 2140 2527 quam
2208 2460 2504 2529 quet-nam
2568 2446 2715 2511 esse
2784 2460 2921 2507 ιιοιι
3004 2438 3255 2526 ambigo
3268 2492 3284 2520 ‚
3366 2451 3523 2508 nota

448 2547 528 2613 L.
596 2546 728 2612 ΑΡ.
798 2546 989 2613 DEC.
1053 2548 1282 2624 obvius
1347 2548 1413 2612 in
1445 2542 1458 2553 “
1490 2547 1594 2614 his
1660 2549 1885 2615 numis.
1957 2532 2105 2608 sunt
2147 2562 2405 2611 munera
2437 2545 2725 2631 Augusto
2769 2564 2808 2608 a
2851 2553 3069 2610 senatu
3113 2540 3343 2609 oblata.
3388 2540 3521 2610 Nu·

321 2647 508 2735 Legit
565 2646 1233 2717 Florezius21mius
1306 2650 1514 2752 Apim·
1586 2652 1887 2730 Decimus,
1956 2665 2124 2711 mum
2178 2653 2384 2710 tamen
2438 2643 2607 2711 hunc
2658 2631 2987 2713 Florezius
3040 2647 3179 2731 ipse
3230 2665 3363 2711 non
3430 2649 3523 2713 vi·
3632 2681 3641 2688 ’

324 2749 427 2816 vel
451 2752 700 2831 Decius,
745 2749 923 2817 nulla
963 2761 1132 2818 certa
1173 2773 1374 2834 causa,
1417 2773 1556 2817 eum
1585 2750 1889 2838 ἄρχαιου-
1958 2744 2071 2822 dit.
2112 2743 2228 2810 sed
2270 2744 2396 2812 fide
2418 2730 2726 2828 Memmi,
2770 2746 2879 2837 qui
2911 2767 3053 2813 eum
3093 2746 3254 2811 inter
3295 2767 3520 2814 numos

294 2844 441 2921 ’σαι
483 2854 604 2922 hae
645 2854 892 2921 litterae
933 2856 1102 2921 varie
1143 2853 1386 2943 expleri
1407 2854 1671 2943 possint.
1757 2851 1889 2919 Ad·
1957 2848 2226 2933 Augusti
2268 2848 2394 2920 tab.
2435 2848 2623 2916 XLII
2663 2837 3018 2937 proposuit,
3064 2847 3414 2936 descripsit.

327 2956 424 3023 dit
491 2956 913 3039 confidenter,
1000 2957 1457 3044 adjectqu
1461 3005 1477 3021 .
1543 2952 1892 3073 significare
1975 3027 1982 3032 ,

225 3136 233 3144 ,
322 3058 638 3125 Vrsonis·
671 3058 972 3126 coloniae
1013 3062 1539 3154 qutaemwlm,
1593 3058 1704 3122 eui
1756 3056 1889 3143 qui·
2047 3043 2054 3048 ⁸
2128 3049 2519 3118 VRSONE.
2564 3053 2758 3135 Caput
2806 3053 2990 3118 virile.
3045 3047 3520 3136 )(VL1.qnm

273 3210 300 3258 ;
326 3159 477 3228 dem
552 3163 896 3232 sententiae
954 3182 1088 3229 ιιοιι
1150 3181 1414 3251 possum
1465 3157 1889 3237 subscribere,
1939 3155 2325 3236 epigraphen
2373 3159 2532 3220 rami
2574 3155 2851 3221 mm.
2920 3149 3220 3237 (Floiez.
3270 3152 3349 3218 T.
3400 3153 3514 3222 111.

301 3284 534 3351 neque
582 3284 729 3331 reor
780 3263 920 3350 ipse
970 3285 1107 3329 eam
1154 3263 1479 3358 dictasset,
1534 3262 1591 3327 si
1632 3259 1893 3328 vidisset
1959 3253 2087 3320 tab
2129 3253 2369 3326 LXVI
2410 3254 2535 3338 7)

321 3381 578 3434 numum
631 3366 918 3433 Mundae
980 3367 1176 3433 serius
1237 3367 1307 3431 in
1370 3384 1585 3431 museo
1650 3347 1891 3427 Hutite-
2123 3355 2234 3421 Ειι
2300 3354 2420 3421 tibi
2482 3357 2836 3435 Concordiae
2900 3373 3152 3424 numum
3212 3355 3372 3421 inter
3435 3325 3517 3420 ei-

44 3535 50 3546 ,
147 3541 158 3562 .
223 3475 248 3546 j
281 3540 287 3547 ,
325 3469 501 3538 riano
551 3469 910 3555 vulgatum,
965 3466 1032 3532 in
1098 3489 1228 3555 quo
1281 3465 1449 3531 idem
1502 3465 1892 3580 magistratus
1959 3458 2184 3524 vitatos
2239 3458 2501 3524 vicinas
2529 3456 2844 3526 Vrsonem
2898 3466 2963 3523 et
3015 3455 3255 3538 Vliam,
3308 3455 3519 3548 olmis

326 3570 398 3640 L.
433 3571 575 3642 ΑΡ.
605 3570 805 3636 --DE
846 3559 1154 3653 -legitmz
1225 3567 1475 3655 Neque
1494 3567 1658 3633 enim
1679 3562 1891 3666 verisi-
1959 3563 2095 3644 ejus
2146 3558 2213 3622 in
2260 3560 2645 3625 Graecorum
2695 3567 2950 3646 moneta
3009 3558 3340 3649 exemplis,
3405 3557 3522 3626 sed

328 3665 502 3748 mile,
556 3666 630 3731 in
679 3668 939 3738 urbibus
992 3668 1260 3736 diversis
1312 3668 1505 3735 fuisse
1549 3657 1890 3756 quinqueu—
1959 3670 2044 3727 et
2104 3659 2173 3724 in
2259 3659 2670 3749 Hispaniensi
2728 3662 3042 3748 cognitis,
3126 3656 3197 3725 ut
3266 3657 3520 3728 Bilbilis
3600 3667 3625 3678 ‘

331 3766 536 3836 nalem
585 3766 808 3835 iisdem
860 3790 1120 3857 prorsus
1182 3771 1562 3838 nominibus.
1650 3765 1895 3834 Licebit
1960 3772 2024 3830 et
2085 3761 2368 3843 Italicae,
2427 3763 2750 3850 Dertosae
2799 3773 2866 3831 et
2922 3762 3415 3844 Ilercavoniaffi
3450 3767 3531 3854 Ut.

291 3951 310 3959 -
327 3868 513 3957 'igitur
583 3877 894 3966 statuere,x
946 3896 1024 3938 το
1064 3871 1145 3949 Q
1200 3870 1531 3958 legendum
1587 3875 1896 3953 Quaestor,
1961 3864 2216 3946 dicetur.

267 4003 272 4010 ·
332 3991 604 4094 nempe
641 3974 1029 4074 provinciae,
1116 3983 1179 4040 et
1228 3978 1617 4061 magistratus
1665 3972 1893 4040 Roma-
2068 3971 2248 4035 -Ε,
2292 3965 2369 4034 R.
2446 4024 2494 4043 ,.

396 4671 857 4798 (νοι.ι.)
1139 4726 1145 4730 ·
1317 4715 1324 4720 ·
1663 4713 1672 4720 “
2031 4737 2043 4752 ·
2816 4641 2823 4646 ·
2952 4659 3153 4788 ,Ex
