4500 5650
1485 553 2357 651 οΑΜΡΑΝιΑ.
2730 566 2737 574 ·
3288 530 3601 633 'az‘

317 724 659 793 nasutis
676 744 756 788 το
810 719 1022 789 LARI
1029 718 1241 789 ΝΟΜ
1281 729 1454 787 esset
1493 735 1615 808 pro
1658 717 1890 787 LARI-
1929 688 2331 837 digenarum
2377 718 2513 802 ejus
2555 713 2780 803 plagae
2823 711 2967 795 fuit,
3033 734 3116 799 ea
3158 711 3525 779 Latinorum
3620 718 3627 729 “

263 894 270 899 ,
322 812 684 905 EORVM,
748 833 812 889 at
862 820 1100 909 gentile
1149 823 1363 893 Larini
1403 844 1537 890 non
1581 834 1679 893 est
1718 826 1892 890 Imi-
1956 796 2355 907 grammunea
2424 817 2749 923 explicari.
2862 819 3203 887 Enimvero
3258 818 3317 882 si
3374 815 3522 882 Ro-

315 946 458 1013 ιιιιξ,
535 927 652 997 sed
716 926 1423 1015 laem,11amatoe,
1498 922 2230 993 mutuamMANO
2296 920 2583 1029 positum·
2634 931 2732 987 est
2788 940 2911 1009 pro
2970 908 3523 1013 ROMANOmn’,

316 1034 416 1101 Ex
465 1052 604 1121 quo
646 1033 819 1119 jam
811 1028 988 1096 satis
1013 1036 1246 1125 patet,
1320 1042 1569 1099 causam
1620 1030 1920 1096 vocabu·
1953 1046 2040 1092 ex
2092 1024 2459 1112 analogiae
2476 1014 2693 1110 regula
2735 1032 3028 1111 sequetur
3069 1021 3281 1100 etiam,
3350 1021 3524 1109 posi-

313 1134 520 1219 lorum
585 1133 688 1200 in
721 1132 864 1200 OM
942 1131 1357 1215 desinentium
1421 1150 1505 1198 ex
1568 1131 1889 1200 idiomatis
1956 1138 2087 1194 tum
2141 1126 2501 1195 CALENO
2553 1147 2673 1214 pro
2731 1123 3529 1207 CALENOmm‚11AI.
3596 1132 3601 1137 '

313 1222 544 1321 Latini
561 1235 913 1352 praeceptis
963 1234 1169 1321 repeti
1207 1252 1342 1299 non
1385 1254 1602 1321 posse.
1949 1228 2297 1298 STANO
2333 1252 2453 1318 pro
2526 1226 3148 1296 HAISTANOnm
3213 1234 3331 1292 etc.
3420 1223 3528 1326 qui

482 1338 575 1405 At
623 1336 743 1421 fuit
793 1338 862 1404 in
915 1336 1144 1405 eodem
1199 1335 1328 1401 hoc
1368 1344 1571 1405 tractu
1613 1336 1740 1403 alia
1777 1335 1886 1403 ad·
1925 1322 2238 1423 quidem
2264 1331 2491 1398 modus
2545 1352 2680 1398 ιιοιι
2730 1312 3137 1419 repugnaret,
3226 1348 3369 1397 cum
3428 1346 3525 1392 re·

311 1439 436 1508 buc
500 1439 899 1518 terminatio,
990 1446 1055 1505 et
1123 1437 1318 1523 magis
1372 1438 1587 1524 priore
1639 1440 1884 1521 usitata,
1948 1440 2100 1501 ‘vei-a
2154 1434 2393 1520 gentile
2448 1433 2715 1501 Gallium
2775 1433 2961 1499 fuerit
3017 1434 3304 1511 Calem,
3371 1428 3526 1495 Pae-·

308 1561 568 1630 nempe
597 1542 669 1607 in
738 1541 900 1621 ΝΟ,
990 1543 1168 1626 cnjus
1247 1548 1532 1607 naturam
1594 1562 1735 1607 cum
1804 1539 1886 1608 ad
1951 1538 2034 1604 sti
2077 1536 2419 1615 Pae-mmm
2459 1547 2581 1608 etc.
2676 1536 2910 1603 Verum
2968 1537 3023 1601 si
3076 1535 3134 1599 is
3185 1534 3255 1598 in
3306 1531 3425 1607 his
3463 1536 3530 1596 et
3624 1551 3629 1557 ·

309 1640 481 1711 idem
553 1652 979 1730 argumentum
1051 1642 1391 1731 pertineat,
1477 1661 1744 1715 necesse
1794 1643 1882 1709 vi·
1949 1634 2261 1711 similibus
2335 1638 2475 1705 aliis
2549 1637 2818 1719 addicit,
2908 1646 2972 1711 at
3036 1633 3367 1703 manifesto
3404 1650 3525 1699 re·
3665 1696 3673 1701 ,
3798 1630 3817 1711 J

207 1748 218 1761 '
308 1743 436 1811 deo
475 1745 768 1817 cui-atius
825 1742 1121 1832 expendi.
1209 1745 1311 1810 Ειι
1354 1764 1684 1811 numorum
1729 1766 1884 1835 quo-
1951 1752 2189 1830 pugnat
2239 1743 2307 1807 in
2366 1734 2574 1823 aliis3
2615 1734 2758 1806 nam
2812 1750 2946 1807 tum
2995 1736 3370 1816 AQVINO
3407 1734 3526 1801 erit

303 1846 438 1934 qne'
486 1846 608 1914 hac
658 1847 801 1933 lege
842 1846 1287 1937 inscriptorum
1330 1840 1710 1935 catalogum:
1951 1864 2073 1933 pro
2116 1843 2633 1927 AQVINOrum‚
2687 1839 3054 1907 ARIMNO
3096 1860 3217 1927 pro
3261 1816 3525 1903 ARIM-

467 1946 1010 2028 AISERNINO,
1053 1947 1360 2012 Aesernia
1387 1948 1661 2014 Samnii.
1909 1947 2251 2027 -‚N0rum
2314 1954 2536 2009 contra
2601 1953 2868 2008 certum
2897 1941 3266 2009 Latinorum
3318 1956 3539 2019 usum,

357 2069 368 2087 ·
479 2048 863 2130 AQVINO‚
905 2045 1227 2135 Aquinum
1269 2046 1452 2114 Latii.
1808 2043 1815 2053 ’
1953 2047 2181 2136 quibus
2241 2046 2479 2132 gentile
2543 2044 2779 2131 Aquini
2844 2058 2979 2109 non
3050 2041 3169 2109 fuit
3230 2043 3519 2126 Aquinas,

428 2148 868 2232 WARIMNQ
909 2144 1292 2215 Ariminum
1304 2149 1622 2219 Vmbriae.
1765 2142 1774 2147 ’
1951 2147 2069 2216 sed
2121 2150 2453 2233 Aqmnas
2496 2146 2742 2213 Arimni
2794 2166 2928 2213 ιιοιι
2991 2146 3329 2237 Ariminus,
3400 2139 3522 2207 sed

482 2249 872 2330 GALENQ
930 2250 1140 2325 Galles
1183 2251 1580 2338 Campaniae.
1943 2253 2371 2327 Ariminemss,
2462 2244 2631 2314 unde
2712 2238 3115 2339 Aquinatium
3169 2254 3235 2312 et
3303 2244 3521 2310 Arina·-

477 2349 864 2431 COZANO,
909 2348 1083 2416 Cosa
1124 2351 1432 2417 Etruriae.
1717 2361 1726 2377 ²
1947 2355 2216 2417 mnrium
2272 2347 2618 2419 duceretur.
2704 2350 2876 2416 Non
2917 2368 3327 2438 repugnarem
3367 2342 3520 2412 viris
3626 2386 3633 2393 -

287 2538 294 2545 ι
471 2444 741 2530 ῙΒΝΟ,
786 2451 939 2519 urbs
981 2450 1222 2521 incerta
1264 2449 1686 2538 Campaniae:
1831 2458 1848 2477 ⁸
1949 2449 2443 2538 praestantibus,
2514 2451 2569 2517 si
2616 2452 2783 2517 inter
2808 2458 2925 2519 tot
2963 2451 3210 2532 varios,
3277 2469 3351 2514 ac
3392 2456 3520 2514 taur
3624 2490 3629 2495 -
3670 2446 3677 2452 '

365 2596 376 2601 -
475 2546 999 2633 KAMIIANO}
1046 2552 1364 2639 Campani.
1718 2632 1729 2641 .
1946 2553 2256 2620 variarum
2316 2552 2561 2617 urbium
2624 2573 2851 2620 numos
2922 2553 3035 2625 vel
3076 2574 3239 2619 nnus
3293 2549 3520 2615 existe-
3692 2563 3699 2570 ·

383 2722 400 2741 x
448 2650 1005 2745 ‚MEZZANQ
1047 2653 1352 2720 Messana
1383 2650 1665 2719 Siciliae.
1947 2662 2075 2734 ret,
2130 2654 2239 2741 qni
2280 2652 2536 2741 plenum
2577 2653 3208 2732 ROMANORVM,
3269 2651 3520 2719 GALE-
3620 2670 3633 2676 ·

477 2753 1039 2838 ΠἉΙΣΤΑΝΟ,
1085 2755 1375 2822 Paestum
1418 2752 1750 2828 Lucaniae.
1947 2754 2015 2821 Ν
2020 2754 2283 2826 ORVM
2353 2762 2470 2821 etc.
2557 2764 2664 2821 aut
2748 2754 2977 2823 saltem
3042 2751 3519 2850 ROMANORt
3620 2752 3651 2832 g

279 2909 304 2926 ,⁴
353 2892 358 2898 ·
476 2856 854 2939 REGINO,
912 2857 1232 2945 Rhegium·
1262 2847 1668 2925 Bruttiorum.
1805 2867 1836 2894 “
1949 2857 2385 2936 GALENQR.
2443 2866 2559 2923 etc.
2614 2858 2958 2932 exhiberet.
3072 2855 3299 2946 Neque
3352 2855 3519 2921 enim
3684 2895 3695 2928 s

455 2957 905 3027 ROMANO.
1021 3004 1030 3012 -
1948 2960 2315 3039 verisimile,
2378 2958 2566 3025 urbes
2620 2969 2723 3026 tot
2761 2968 3037 3060 tamque
3054 2958 3304 3025 dissitas
3345 2956 3519 3023 velut
3615 3013 3631 3028 .
3756 2965 3763 2976 ‘

473 3058 928 3142 SVE'SANO,
993 3060 1230 3126 Suessa
1272 3060 1726 3160 Campaniae·
1803 3073 1810 3080 ’
1948 3059 2076 3126 lata
2127 3058 2297 3145 lege,
2363 3082 2547 3148 quam
2598 3062 2701 3128 vel
2755 3062 2990 3158 fingere
3026 3043 3381 3128 absurdum
3422 3057 3517 3124 fo·

467 3157 798 3240 TIANO,
855 3160 1138 3228 Teanum
1184 3163 1578 3250 Campaniae.
1655 3185 1661 3192 ·
1821 3149 1832 3156 ⁶
1947 3170 2072 3242 ret,
2131 3162 2225 3229 sic
2279 3155 2708 3250 conspirasse,
2775 3174 2845 3230 ut
2898 3173 3004 3230 aut
3040 3181 3361 3250 nunquam
3404 3181 3518 3228 vo·

476 3261 864 3352 Plerosque
847 3265 1292 3353 antiquarios,
1348 3286 1489 3332 cum
1529 3225 1883 3350 inscriptio·
1948 3284 2084 3330 cem
2127 3261 2452 3356 integram
2516 3275 2808 3332 monetae
2880 3266 3324 3346 inscriberent,
3414 3271 3522 3331 aut

294 3361 400 3436 nin
470 3363 878 3434 ROMANO
941 3367 1009 3434 in
1057 3367 1354 3456 copiosis
1399 3366 1603 3433 numia
1659 3365 1884 3431 obviae
1951 3387 2089 3432 cum
2154 3365 2478 3434 brevitatis
2544 3385 2731 3434 causa
2788 3359 3173 3435 contrahere
3225 3385 3363 3434 eam
3417 3365 3518 3432 iu·
3568 3385 3579 3394 ’

298 3463 563 3537 oausam
617 3467 985 3549 redderent,
1073 3463 1204 3534 hoc
1264 3463 1453 3535 video
1514 3466 1882 3548 concordes,
1949 3466 2157 3549 beret,
2231 3478 2555 3556 postremo
2632 3491 2772 3536 eam
2796 3487 3081 3560 semper
3128 3463 3525 3558 penultimae
3580 3465 3631 3548 “,

299 3567 485 3657 qnod
531 3589 758 3636 vocem
800 3561 1197 3638 ROMANO
1254 3561 1526 3661 positam
1567 3593 1687 3660 pro
1723 3569 1882 3638 Ro-
1893 3569 2239 3654 syllabae
2284 3571 2597 3638 elemento
2645 3573 2707 3639 Ο
2750 3567 3018 3639 finirent.
3110 3574 3316 3654 Novi,
3370 3571 3520 3639 huic

294 3667 724 3748 MANUnm
805 3670 1161 3755 credidere,
1248 3683 1381 3739 tum
1449 3696 1604 3742 vero
1677 3674 1880 3752 etiam,
1949 3693 2202 3760 quoque
2278 3671 2628 3739 difficultati
2706 3674 3029 3761 provisum
3092 3693 3155 3742 ιι
3226 3674 3517 3743 Passerio
3548 3673 3563 3680 “

295 3772 481 3861 qnod
523 3771 600 3840 id
642 3791 841 3859 genus
893 3791 1120 3840 numos
1162 3795 1381 3841 omnes
1424 3786 1688 3865 propter
1731 3776 1879 3841 artis
1948 3773 2258 3840 advocato
2309 3767 2646 3864 suppetias
2708 3775 3110 3870 LARINOR
3172 3778 3241 3864 iu
3313 3779 3519 3846 numia

291 3893 448 3942 vere
493 3869 784 3944 Graecae
834 3873 1206 3962 elegantiam
1258 3877 1541 3964 signatos
1589 3879 1656 3944 in
1702 3879 1879 3944 Cam·
1943 3875 2192 3956 Larini,
2268 3876 2444 3963 quod
2510 3876 2659 3965 quid
2732 3871 2935 3959 aliud,
3006 3878 3267 3965 inquit,
3331 3897 3515 3965 quam

213 4011 228 4024 ‘
290 3978 491 4064 Pania
545 3985 617 4044 et
666 3976 887 4051 Sicilia
936 3998 1249 4058 censuere.
1344 3978 1552 4045 Lubet
1603 3977 1881 4049 dividere
1948 3978 2452 4060 LARINORum
2494 3978 2843 4065 significare
2884 3980 3181 4065 potest?
3218 3981 3308 4046 At
3349 3982 3513 4046 enim

293 4071 713 4160 sententiam,
799 4099 944 4144 nam
1019 4075 1230 4167 quod
1257 4078 1341 4146 ad
1405 4079 1663 4146 alteram
1740 4084 1877 4166 ejus
1943 4089 2014 4147 ut
2069 4080 2381 4160 dixeram,
2468 4080 2536 4146 in
2596 4077 2999 4146 Latinorum
3024 4081 3238 4168 lingua
3296 4081 3513 4162 Larini
3557 4119 3585 4149 l
3666 4093 3675 4101 '

281 4175 522 4264 indicii
579 4188 828 4267 partem
864 4180 1124 4269 -attinet,
1210 4182 1481 4249 libenter
1533 4153 1689 4248 mihi
1736 4203 1878 4249 cum
1943 4183 2178 4270 gentile
2248 4201 2383 4248 ιιοιι
2455 4182 2572 4248 fuit
2640 4183 2937 4264 Ιανίπω,
3028 4183 3144 4250 sed
3216 4187 3514 4274 Lar-inqu

288 4277 448 4347 vii-is
529 4280 792 4350 eruditis
841 4283 1206 4365 convenit,
1291 4293 1357 4351 at
1425 4305 1558 4351 ιιοιι
1631 4283 1877 4352 adridet
1942 4284 2379 4353 scribendum
2426 4305 2578 4371 ergo
2665 4284 2871 4358 foret
2915 4288 3320 4369 Lernaeam,
3407 4298 3513 4354 aut
3649 4251 3669 4278 l

257 4381 495 4480 ‘prior-
608 4381 819 4450 Video
877 4383 1072 4468 enim
1099 4405 1371 4469 rursum,
1443 4385 1621 4481 quod
1684 4409 1877 4476 supra
1941 4385 2279 4473 adjectum
2302 4385 2473 4454 istud
2526 4387 2588 4454 R
2645 4388 3085 4475 paragogicum
3141 4398 3271 4460 est
3290 4379 3509 4478 potius

286 4482 843 4571 improbaverant,
925 4487 1270 4556 flexionem
1334 4488 1403 4554 in
1461 4489 1626 4570 No,
1709 4512 1874 4578 quae
1936 4488 2005 4554 in
2058 4487 2187 4554 hoc
2252 4497 2454 4556 tractu
2506 4490 2829 4572 usitatum,
2894 4500 2985 4558 -ut
3032 4491 3273 4558 dicetur
3324 4491 3517 4574 infra.

287 4582 472 4654 baud
533 4584 727 4658 dubie
771 4587 970 4671 Osca,
1026 4599 1132 4660 aut
1189 4599 1358 4659 certe
1399 4612 1485 4660 ex
1524 4589 1738 4679 lingua
1776 4590 1870 4662 in·
1934 4581 2074 4659 Ειι
2065 4585 2290 4659 mente
2334 4591 2428 4663 Cl.
2451 4591 2696 4661 Dutene
2724 4591 2919 4684 Angli
2945 4615 3077 4661 vox
3108 4587 3503 4663 ROMANO
