4500 5650
1660 491 2110 563 CAPVT
2195 494 2358 563 xv
2737 580 2750 589 J
3497 452 3576 569 ιι

292 623 296 627 .
366 650 645 720 nendum
731 648 970 731 adhue,
1104 651 1345 720 denarii
1430 654 1601 719 aurei
1687 638 1941 744 pondus
2007 664 2239 741 genere
2279 674 2534 742 agemus
2569 653 2732 721 infra
2774 675 2912 744 cap.
2955 654 3104 723 XII.
3193 648 3648 744 Postrexnus,·'

368 754 735 845 paullatim
764 751 957 820 fuisse
1038 753 1451 839 deminutum,
1539 760 1715 844 cujus
1791 780 1939 847 pro
2010 759 2115 845 qui
2190 778 2380 824 eausa
2426 755 2778 826 voluminis
2850 761 3230 834 mentionem
3285 771 3572 844 mel-eutr,

234 879 253 896 ⁸
366 879 650 946 gressum
706 855 1151 925 deminutionis
1211 868 1396 948 potes
1449 854 1667 926 videre
1720 859 1786 927 in
1840 883 1938 927 ca·
2008 870 2103 927 est
2174 882 2396 930 numus
2479 854 2916 927 Constantini
2911 862 3344 950 palaeologi,
3409 864 3575 931 inter

358 962 585 1047 talogo
630 961 826 1025 musei
871 959 1393 1047 Pembrookiani‚
1437 964 1504 1031 in
1548 986 1706 1051 que,
1762 985 1955 1051 prae··
2002 963 2413 1051 imperatores
2483 964 2829 1047 Byzantios
2882 967 3214 1059 postremi,
3288 965 3396 1055 qui
3448 988 3573 1037 ma·

372 1064 545 1130 claro
591 1084 745 1130 sane
798 1063 1099 1153 consilio,
1176 1067 1564 1154 singulorum
1606 1068 1790 1134 etiam
1833 1089 1935 1133 au·
2004 1063 2329 1152 guitudine
2393 1087 2648 1133 aeneos-
2689 1068 3024 1134 maximae*
3057 1067 3297 1137 formae
3350 1078 3580 1158 aequat

368 1186 622 1235 reorum
674 1164 927 1254 pondus
972 1178 1242 1236 notatur.
1345 1169 1600 1237 Interim
1645 1190 1785 1235 cum
1826 1169 1936 1256 mi·
2008 1167 2291 1263 quidem,
2382 1168 2499 1235 sed
2581 1182 2843 1258 propter
2914 1169 3148 1257 metalli
3212 1171 3575 1246 tenuitatem
3683 1218 3696 1233 ,

367 1279 665 1337 nueretur
712 1267 997 1356 pondus,
1087 1270 1331 1340 dunvit
1393 1282 1600 1338 tamen
1640 1271 1816 1356 ,auri
1834 1274 1937 1358 ju·
2007 1270 2337 1339 bracteatis
2393 1282 2606 1360 potest
2662 1274 3011 1355 accenseri3
3079 1293 3224 1341 nam
3277 1274 3396 1340 etsi
3417 1266 3572 1359 ‘ejus

236 1414 249 1422 ·
368 1381 471 1439 sta
512 1370 820 1439 soliditas.
1058 1416 1065 1421 „
1578 1448 1592 1457 ‚
2006 1382 2132 1456 est,
2221 1373 2398 1463 quod
2464 1375 2626 1457 dixi,
2715 1374 3083 1458 voluminis,
3172 1385 3378 1445 tamen
3415 1396 3576 1442 -ιιοιι

250 1494 259 1503 ·
541 1473 701 1541 Inde
787 1498 825 1543 a
908 1468 1301 1543 Constantini
1376 1470 1473 1541 M.
1550 1474 1941 1564 temporibus
2006 1474 2270 1564 amplius
2328 1475 2494 1543 binis
2521 1474 2933 1565 Hungaricis
2980 1477 3298 1566 adpendit.
3394 1476 3574 1547 Haeo
3655 1524 3674 1541 .

368 1586 592 1645 nu‘mus
661 1599 887 1645 aureus
961 1578 1175 1666 coepit
1238 1579 1309 1647 in
1358 1576 1624 1644 laminae
1681 1577 1940 1645 modum
2005 1587 2291 1666 spectato
2345 1600 2610 1646 excessu
2662 1600 2862 1668 supra·
2894 1580 3146 1670 pondus
3191 1580 3582 1649 ondinarium

266 1670 283 1678 ⁶
370 1682 709 1763 attenuari,
810 1703 885 1747 ao
955 1683 1184 1749 sensim
1267 1681 1615 1749 communis
1687 1670 1941 1748 moneta
2005 1691 2294 1748 monetae
2357 1703 2580 1749 aureae
2636 1682 2883 1751 fuerunt
2950 1683 3376 1774 observanda3
3459 1683 3576 1752 sed

370 1804 558 1851 aurea
616 1806 697 1851 eo
756 1782 889 1853 fere
954 1804 1095 1851 esse
1158 1785 1475 1873 pondere,
1563 1805 1638 1850 ae
1680 1783 1937 1865 valore,
2008 1793 2152 1851 sunt
2203 1785 2389 1851 etiam
2444 1785 2696 1872 copiosi
2736 1787 2908 1853 aurei
2948 1809 3108 1855 aevo
3147 1784 3580 1874 Augustorum
3609 1790 3650 1843 Ὺ
3694 1808 3701 1815 ·

368 1909 511 1976 ᾳιιο,
554 1895 705 1955 sunt
738 1887 908 1955 aurei
950 1886 1155 1955 nostri
1196 1886 1560 1974 Hungariei.
1673 1886 1938 1975 Ajebam
2005 1876 2304 1955 inferiore
2361 1887 2521 1969 cusi,
2592 1889 2700 1975 qui
2753 1888 3038 1976 pondere
3090 1913 3128 1956 a
3177 1900 3431 1958 mmeta
3473 1912 3572 1957 οι·-

238 2064 251 2071 ,
368 2000 631 2058 moneta
692 1990 1055 2059 eommunis.
1122 1988 1355 2057 Nam
1414 1989 1939 2078 quemadmodum
2008 1990 2245 2056 dinaria
2322 1990 2497 2056 vario
2581 1989 2938 2057 discrimine
3004 1990 3327 2074 deficiunt,
3417 2012 3573 2079 quo·

376 2115 571 2180 supra
634 2091 935 2174 diximus,
997 2092 1076 2159 ab
1133 2113 1209 2185 ea
1269 2103 1470 2165 aetate
1524 2094 1814 2180 coepisse
1856 2091 1939 2158 si-
2005 2114 2141 2160 rum
2192 2088 2534 2183 archetypa
2591 2090 2836 2179 singula
2897 2112 3111 2161 musea
3174 2115 3403 2205 magno
3459 2116 3572 2163 nu·

364 2196 557 2284 gnari
604 2216 828 2262 numos
882 2180 1212 2281 argenteos
1267 2191 1460 2281 ampli
1517 2192 1769 2280 quidem
1826 2213 1938 2260 vo·
2010 2216 2181 2261 mero
2227 2192 2644 2280 suppeditant.

367 2298 654 2379 luminis,
728 2295 875 2391 sed
902 2295 1137 2363 metalli
1196 2295 1441 2376 tenuis,
1505 2296 1598 2361 sic
1648 2293 1817 2361 idem
1872 2296 1941 2361 in
2575 2303 2603 2335 *²
2775 2342 2813 2379 ,¹
2983 2298 3017 2331 ³⁸
3123 2352 3130 2359 .
3463 2346 3468 2355 .
3517 2356 3524 2363 .

370 2423 523 2470 aun-o
612 2421 866 2489 quoque
951 2398 1180 2466 factum
1264 2395 1516 2465 residua
1598 2401 1731 2484 ejus
1807 2420 1941 2467 non
2182 2388 2363 2464 Haeo
2416 2396 2500 2465 de
2539 2418 2869 2479 numorum
2913 2396 3368 2485 magnitudine,
3423 2421 3575 2468 eon·

374 2495 603 2593 exiguo
647 2524 913 2572 numero
958 2501 1251 2591 exempla
1305 2499 1773 2569 demonstrant
1852 2501 1943 2569 At
1994 2503 2223 2587 juncto
2265 2500 2460 2566 etiam
2518 2496 2880 2588 pondere,
2909 2498 3157 2568 abunde
3213 2501 3382 2569 dieta
3431 2524 3578 2582 sun-

371 2610 443 2678 ιιι
506 2629 641 2677 aem
702 2607 889 2694 hujus
952 2606 1201 2689 numis,
1278 2594 1572 2693 spectatis
1637 2604 1940 2691 ponderis
2008 2612 2107 2685 to,
2197 2625 2282 2669 ex
2354 2602 2578 2690 quibus
2643 2613 2967 2691 praeterea
3037 2624 3262 2691 capere
3333 2626 3576 2694 expen-

364 2735 451 2781 ao
527 2710 864 2779 voluminis
952 2708 1216 2789 meritis,
1301 2707 1645 2795 prinoipem
1730 2707 1944 2775 locum
2010 2716 2281 2771 mentum
2355 2704 2618 2792 quisque
2687 2706 2954 2797 poterit,
3041 2726 3174 2772 non
3243 2729 3438 2797 posse
3508 2710 3578 2777 in

375 2817 664 2885 obtinent
715 2812 889 2881 aurei
938 2811 1076 2877 him
1092 2860 1112 2894 ,
1180 2831 1447 2898 quorum
1497 2831 1658 2876 unus
1713 2808 1943 2877 Valen·
2010 2807 2270 2893 singulis
2355 2805 2883 2922 magnitudinibus
2952 2810 3160 2898 parari
3245 2833 3580 2881 numm-um

372 2921 459 2986 fis
512 2919 683 3004 Aug,
740 2923 1019 2984 servatur
1070 2915 1138 2979 in
1188 2931 1409 2980 museo
1450 2912 1793 2994 Caesareo,
1882 2921 1946 2979 et
2008 2920 2286 2979 veterum
2338 2908 2561 2977 seriem
2607 2912 2877 3027 justam,
2944 2923 3049 2979 aut
3091 2922 3262 2981 certe
3305 2913 3578 3001 dignam,

375 3020 769 3088 secundans
784 3040 993 3088 veram
1046 3037 1227 3084 suam
1290 3014 1780 3102 magnitudinem
1836 3035 1944 3081 ex·
2009 3010 2365 3099 utilemque.
2450 3010 2658 3079 Fuere
2682 3013 2900 3094 anim,
2945 3023 3008 3080 et
3050 3021 3197 3081 sunt
3235 3015 3577 3105 hodieque,
3627 3003 3638 3016 ’
3713 3086 3724 3094 ,

376 3145 642 3213 pressus
695 3131 898 3194 exstat
946 3122 1011 3186 in
1062 3115 1302 3187 Kheuii
1355 3117 1809 3236 Supplemento
1860 3115 1945 3182 ad
2009 3115 2104 3182 rei
2145 3114 2374 3184 veteris
2427 3114 2892 3202 numismatioae
2946 3114 3248 3199 studiosi,
3315 3118 3444 3204 qui
3505 3121 3580 3186 ιιι

314 3283 333 3292 -
374 3222 957 3315 1mpp.Vaillantii.
1038 3219 1372 3310 Adpendit
1409 3222 1466 3287 is'
1511 3241 1735 3288 aureos
1756 3219 1945 3287 Hun-
2012 3216 2311 3314 parandis
2374 3218 2606 3285 veteris
2691 3226 2980 3307 monetae
3066 3218 3300 3307 opibus
3375 3232 3580 3289 certae

372 3331 631 3417 garieos
694 3327 838 3413 512,
905 3325 1247 3394 secundum
1307 3323 1533 3390 libram
1576 3322 1945 3392 Noa-imber·
2013 3329 2251 3387 tantum
2333 3320 2773 3407 magnitudinis
2840 3343 3065 3389 numos
3151 3322 3273 3390 sibi
3355 3324 3579 3412 praefi·

366 3453 635 3528 gensem
692 3429 911 3497 uncias
968 3451 1113 3510 sex,
1180 3437 1245 3494 et
1315 3413 1672 3494 drachmani
1735 3425 1946 3509 semis,
2014 3434 2185 3512 gunt.
2287 3425 2696 3513 Quantopere
2736 3424 2805 3491 hi
2843 3425 3169 3508 laborent,
3232 3433 3303 3492 ut
3339 3447 3582 3542 aequa·
3627 3499 3630 3504 ,

274 3515 295 3522 ”
366 3539 707 3623 justaeque
786 3541 893 3600 est
971 3541 1218 3621 praeter
1304 3531 1576 3618 amplum
1651 3529 1949 3597 volumen
2017 3526 2213 3594 bilem
2276 3525 2587 3616 quandam
2638 3549 2858 3595 eorum
2910 3529 3138 3596 seriem
3187 3529 3468 3617 possint
3487 3528 3582 3595 ιιι

384 3637 737 3705 soliditatis
828 3634 1009 3702 Alter
1051 3631 1419 3717 Justiniani,
1465 3653 1653 3721 quem
1693 3655 1779 3700 ex
1817 3654 1948 3699 mu-
2014 3639 2299 3713 struere,
2363 3628 2430 3695 ιιι
2489 3641 2814 3718 eomperto
2871 3640 2984 3700 est.
3093 3632 3414 3712 Quoniam
3447 3647 3587 3706 non

389 3762 505 3806 seo
566 3735 749 3827 regis
804 3735 1145 3804 Galliarum
1209 3734 1722 3825 conspiciendum
1756 3734 1954 3801 dedit
2023 3732 2194 3802 omni
2290 3753 2449 3799 aevo
2545 3733 2764 3801 eadem
2863 3734 3223 3821 magnitudo
3331 3734 3583 3823 placuit,

393 3840 500 3910 01.
544 3840 625 3906 de
659 3841 836 3907 Boze
857 3842 927 3923 ⁶).
1036 3839 1283 3927 Aequat
1337 3840 1393 3904 is
1437 3837 1736 3926 ponderis
1779 3837 1949 3903 Pari·
2017 3835 2166 3901 hinc
2221 3844 2319 3902 tot
2357 3834 2662 3926 lacunae,
2736 3845 2799 3903 et
2851 3847 3064 3925 turpes
3118 3836 3359 3920 hiatus,
3423 3860 3587 3927 quos

383 3939 529 4013 sini
561 3943 763 4010 uncias
806 3950 881 4024 5,
928 3925 1254 4010 drachmas
1298 3946 1339 4014 2
1384 3938 1487 4007 vel
1528 3945 1591 4011 3.
1680 3940 1961 4007 Exstant
2021 3938 2167 4028 quia
2207 3938 2462 4006 materia
2516 3937 2750 4021 deficit,
2816 3939 3006 4007 nullis
3068 3938 3419 4027 sumptibus
3478 3961 3589 4008 ex·

382 4045 599 4114 adhuc
672 4046 776 4113 alii
846 4048 982 4131 ejus
1055 4043 1213 4110 aevi
1268 4042 1604 4111 voluminis
1674 4042 1953 4111 insolen-
2016 4042 2216 4131 pleas.
2323 4039 2411 4108 At
2453 4041 2518 4108 in
2561 4040 2797 4108 nullam
2839 4039 3033 4127 magis
3077 4041 3336 4126 seriem,
3405 4063 3591 4132 quam

380 4150 601 4232 tioris,
688 4147 803 4216 sed
878 4145 1054 4236 quod
1119 4167 1251 4213 non
1314 4155 1441 4213 tam
1513 4146 1796 4235 ipsorum
1849 4168 1958 4213 nu·
2029 4165 2187 4233 quae
2274 4163 2498 4209 numos
2586 4144 2839 4210 maximi
2918 4142 3161 4209 moduli
3233 4144 3589 4233 complecti-

374 4200 638 4334 moi-uin
692 4260 823 4333 est,
894 4271 1078 4348 quam
1132 4251 1212 4318 ab
1267 4247 1498 4320 additis
1554 4248 1817 4336 margini
1860 4271 1961 4316 or·
2018 4258 2158 4330 tur,
2248 4246 2507 4314 incensa
2580 4245 2949 4335 cupidorum
3018 4245 3253 4327 studia,
3341 4244 3456 4313 sed
3509 4244 3593 4310 in

370 4354 697 4424 maenti·
776 4299 1157 4442 profectum,
1247 4350 1328 4418 de
1416 4371 1543 4439 quo
1631 4371 1961 4478 ιιιιιιιοιιιιιι
2016 4372 2243 4442 quan,
2376 4360 2506 4417 ut
2499 4350 2738 4418 minus
2830 4347 3148 4417 viderem
3231 4348 3592 4436 interrupta,

524 4577 592 4644 σ)
628 4575 692 4628 a.
732 4576 787 4628 ι,.
824 4573 1083 4659 mea-T.
1122 4571 1309 4626 xxm.
1346 4592 1408 4644 p
1412 4592 1460 4638 2.
1492 4574 1613 4627 52³.

592 4677 599 4680 ,
836 4699 859 4710 ³
3068 4672 3171 4756 82
