4500 5650
1808 430 2572 547 PRoLEeoMENA
2613 470 3198 547 GENERALIA.

898 662 1083 729 quam
1125 636 1303 728 post
1317 658 1531 705 cusum
1563 640 1696 723 jam
1739 657 1991 704 ιιιιιιιιιιιι
2035 637 2288 706 additus
2332 634 2466 717 fnit,
2535 616 2738 723 plum
2794 634 3070 701 orbem
3035 684 3056 717 ,
3160 654 3424 727 eumque
3519 633 3710 699 varie
3803 634 4146 714 ornatum,

896 741 1031 810 sed
1066 738 1392 828 utrumque
1444 738 1761 806 metallum
1823 745 1959 826 jam
2022 740 2114 806 sic
2183 738 2468 806 commis·
2535 737 3036 825 porriguntur,-
3029 732 3278 823 -addito
3345 755 3614 822 superne
3680 724 3956 814 annulo,
4030 756 4123 801 ex

893 866 1034 912 sum
1074 844 1361 912 incudem
1404 852 1732 930 expertum
1786 854 1915 924 est,
1972 865 2116 910 nam
2173 863 2362 929 saepe
2404 841 2471 905 in
2539 861 2667 926 quo
2713 837 3014 926 suspendi
3054 848 3338 955 possent.
3426 816 3703 903 Multum
3757 859 3926 924 ergo
3962 835 4123 902 adfi-

892 946 994 1014 his
1075 947 1275 1013 numis
1351 945 1721 1033 epigraphes
1804 945 2022 1010 literae
2092 945 2176 1015 ¹in
2251 943 2472 1010 orbem
2537 962 2650 1006 nes
2695 949 2839 1006 sunt
2894 942 3103 1008 aeneis
3160 964 3300 1035 cum
3371 939 3497 1006 late
3527 950 3864 1028 porrecto
3933 939 4122 1021 orbe,

896 1048 1116 1116 ductae
1180 1049 1252 1113 in
1329 1057 1658 1141 utrumque
1728 1032 2047 1113 metallum
2129 1048 2471 1114 incurrunt.
2532 1043 2625 1109 de
2669 1044 2895 1130 quibus
2939 1043 3157 1131 paullo
3219 1056 3408 1130 supra
3461 1043 3594 1128 egi,
3653 1044 3776 1109 nisi
3809 1042 4004 1131 quod
4047 1042 4150 1131 in-

895 1150 1059 1218 Sunt
1126 1171 1343 1217 omnes
1413 1151 1737 1215 commatis
1804 1149 2093 1216 Romani.
2195 1150 2490 1218 Graecus
2542 1146 2640 1213 his
2687 1145 2914 1213 absunt
2969 1168 3271 1234 operosa
3285 1145 3399 1212 illa
3444 1155 3841 1228 ornamenta,
3899 1155 3963 1212 et
4006 1165 4119 1210 an·

890 1251 1080 1338 huJus
1142 1261 1398 1317 naturae
1454 1250 1735 1317 nondum
1800 1262 2191 1339 conspectus.
2292 1253 2474 1319 Simi-
2542 1246 2744 1314 nulus.
2833 1244 3041 1335 Hujus
3104 1249 3351 1335 generis
3418 1247 3546 1317 duo
3617 1248 3880 1336 cogniti,
3903 1303 3918 1309 -
3951 1268 4118 1313 unus

892 496 1125 605 vani
1218 466 1227 479 “

772 1380 781 1387 ’
895 1353 1013 1419 les
1035 1354 1332 1420 Jobertus
1381 1357 1515 1437 jam
1573 1374 1713 1419 cum
1765 1353 2077 1421 Hadriani
2128 1356 2333 1441 capite
2386 1356 2468 1420 ci·
2538 1350 2849 1432 Honorii,
2923 1351 3081 1418 alter
3145 1351 3371 1419 Gallae
3437 1351 3786 1437 Placidiae,
3855 1351 4144 1429 ineunte,

893 1456 1094 1538 tat‘),
1163 1455 1278 1522 sed
1331 1477 1612 1521 museum
1669 1455 1900 1525 Albani
1966 1458 2304 1545 praeclaris
2370 1456 2468 1523 his
2538 1450 2665 1518 hoc
2707 1451 2962 1521 saeculo
3007 1455 3072 1519 in
3102 1454 3365 1521 Geldria
3409 1454 3698 1538 effossi,
3683 1477 3864 1543 quos
3905 1455 4120 1542 pictos

897 1557 1155 1645 cimeliis
1204 1557 1542 1644 insiguiter
1607 1556 1904 1676 locuples
1956 1564 2105 1627 ante
2176 1561 2469 1626 Commo·

896 1640 1047 1727 dum
1099 1660 1337 1749 nullum
1396 1659 1615 1743 offert,
1703 1660 1817 1727 sed
1887 1664 1983 1729 in
1992 1662 2141 1733 hoc
2192 1664 2467 1751 reperias

806 1779 814 1788 ·
895 1762 1102 1829 adhuc
1166 1786 1304 1831 cum
1373 1764 1645 1851 imagine
1706 1764 1933 1846 Probi,
2008 1765 2306 1852 Magniae
2348 1766 2467 1832 Vr-

893 1863 1106 1954 bicae,
1180 1865 1596 1947 Diocletiani,
1632 1877 1726 1934 -et
1789 1868 2071 1955 collegae
2131 1867 2466 1935 Maximia-

892 1969 972 2033 ni.
1064 1968 1293 2055 Operis
1338 1981 1481 2035 sunt
1539 1967 1671 2035 fere
1722 1992 1969 2058 semper
2024 1970 2465 2059 pei-elegantis,

892 2091 1243 2156 quanquam
1317 2071 1617 2145 hactenus
1707 2071 1985 2139 divinare
2072 2095 2206 2140 non
2292 2074 2466 2141 lic'uit

893 2191 1142 2259 causam
1206 2170 1474 2257 ixnpensi
1543 2173 1611 2236 in
1678 2171 1802 2236 hoc
1866 2192 2195 2237 numorum
2267 2193 2463 2258 genus

891 2272 1131 2341 laboris
1173 2280 1300 2339 tam
1353 2271 1588 2353 seduli,
1665 2281 1889 2359 atque,
1953 2277 2041 2370 ιιι
2075 2272 2275 2340 videri
2305 2264 2464 2362 pos.

888 2359 1013 2455 sit,
1066 2384 1192 2440 tam
1245 2373 1747 2461 supervacaneis
1798 2376 1875 2443 In
1896 2456 1909 2463 J
1933 2380 2222 2441 monetae
2288 2398 2465 2443 usum

744 2495 749 2501 ’
892 2474 1087 2545 fuisse
1127 2484 1439 2564 receptos,
1486 2475 1820 2542 verisimile
1862 2476 1970 2542 vix
2013 2486 2135 2547 est.

1060 2573 1265 2645 Fuere
1329 2577 1657 2665 antiquarii
1726 2579 1998 2669 nominis
2061 2586 2194 2646 non
2256 2581 2466 2668 vulga-

797 2682 805 2691 '
894 2680 1014 2759 riS,
1071 2682 1177 2767 qui
1219 2681 1343 2746 hos
1400 2679 1669 2768 duplicis
1723 2662 1957 2749 metalli
2010 2704 2266 2764 numos,
2326 2684 2467 2749 illu-

896 2788 1059 2848 stres
1117 2801 1273 2848 sane
1322 2801 1397 2847 ac
1428 2783 1866 2880 conspicuos,
1934 2801 2072 2849 cum
2129 2774 2467 2847 miserabili

780 2955 787 2968 .
898 2883 1485 2951 Contorniatorum
1530 2904 1720 2970 grege
1803 2884 2016 2971 inique
2102 2883 2466 2967 confudere,

895 3008 1020 3075 qua
1063 2986 1145 3054 de
1185 2987 1410 3074 injuria
1452 2984 1626 3067 vide,
1692 3008 1850 3074 quae
1894 2985 2170 3054 monebo
2222 2989 2292 3053 in
2344 2997 2465 3055 tra-

893 3097 1061 3160 ctatu
1102 3089 1189 3164 ,de
1208 3090 1432 3192 -numis
1477 3088 1906 3157 Contorniatis
1952 3112 2096 3198 cap.
2152 3092 2202 3157 Ι.

757 3227 766 3239 ’
860 3315 869 3318 -
997 3266 1029 3339 §
1096 3266 1197 3330 13.
1251 3227 1501 3328 ‘Numi
1564 3283 1697 3326 cum
1755 3268 1942 3327 variis
2006 3269 2362 3330 ommnwntis

1122 3397 1137 3402 -
1520 3370 1826 3447 parergis.

1000 3575 1007 3582 ί
1068 3485 1233 3559 Ηοο“
1260 3479 1524 3563 articulo
1580 3497 1969 3585 complector
2009 3517 2234 3565 numos
2278 3520 2460 3588 quae·

895 3593 1130 3663 sitioris
1171 3595 1544 3684 elegantiae,
1600 3599 1828 3667 additis
1883 3602 2073 3668 variis
2127 3624 2208 3669 ex
2247 3602 2460 3669 metal-

894 3696 965 3763 lo
1030 3698 1347 3786 nobiliore
1414 3704 1823 3786 ornamentis,
1904 3726 2096 3792 quae,
2169 3706 2315 3793 quia
2377 3705 2460 3772 ad

893 3811 1222 3886 numo'rum
1298 3825 1516 3892 causas
1582 3823 1715 3873 non
1788 3808 2135 3895 pertinent,
2224 3818 2288 3874 et
2352 3808 2458 3876 ab-

895 3922 1036 3969 esse
1074 3914 1395 3992 poterant,
1445 3932 1719 3993 par-erga
1779 3932 1962 3977 voco.
2050 3911 2154 3977 Ex
2196 3932 2325 4000 quo
2370 3911 2456 3977 fa-

894 4003 1016 4078 cile
1084 4007 1512 4096 intelligimus,
1602 4022 1891 4081 monetae
1970 4036 2082 4082 eos
2152 4015 2460 4083 rationem

890 4125 1056 4194 non
1074 4107 1385 4179 habuisse.

1060 4214 1140 4281 In
1181 4214 1302 4281 hac
1354 4214 1557 4283 classe
1604 4217 1809 4305 primo
1865 4216 2014 4285 loco
2068 4219 2457 4287 memorandi

893 4325 1038 4383 sunt
1086 4318 1256 4396 aurei
1284 4318 1567 4425 insignis
1622 4319 2037 4426 voluminis,
2071 4322 2176 4410 qui
2218 4321 2286 4389 in
2330 4345 2452 4389 am·

1033 4533 1085 4600 f)
1120 4536 1347 4620 Tem-ql.
1384 4521 1440 4608 p·
1475 4535 1560 4627 43.
1666 4539 1755 4608 Ως)
1792 4561 1907 4611 pag.
1943 4547 2060 4600 178.

2537 1564 2603 1622 et
2648 1554 3001 1643 descriptos
3044 1556 3241 1628 habes
3284 1558 3352 1622 in
3377 1557 3727 1645 Epistolis
3729 1557 3972 1623 criticis
3989 1557 4118 1623 01-

2536 1658 2773 1745 periss),
2820 1660 2928 1746 qui
2974 1681 3085 1727 eos
3129 1660 3286 1727 vidit
3330 1661 3506 1747 ipse,
3544 1670 3674 1728 tum
3718 1659 3877 1725 etin
3908 1662 4154 1742 Saggzv

2534 1767 2602 1827 di
2640 1762 3014 1848 cammah),
3077 1786 3204 1851 quo
3259 1762 3409 1829 loco
3459 1763 3557 1832 Cl.
3601 1762 3986 1829 Bianchinus
4032 1760 4122 1827 de
4217 1838 4226 1849 ¹

2537 1885 2753 1930 eorum
2808 1875 3018 1955 vetere
3086 1888 3201 1933 usu
3264 1866 3517 1981 prolixe
3575 1860 3886 1933 disserit
3845 1914 3866 1947 ,
3961 1868 4117 1929 con·

2522 1966 2826 2054 Jicitque,
2913 1966 2981 2032 id
3067 1990 3263 2055 genus
3347 1968 3594 2035 cimelia
3680 1968 3763 2034 ad
3847 1966 4119 2033 militum

2534 2067 2833 2136 donativa
2901 2067 3189 2141 valuisse.
3302 2054 3528 2139 Parum
3597 2068 3889 2153 equidem
3949 2064 4118 2135 a'tbi-

2531 2166 2750 2257 trarias
2858 2163 2974 2230 has
3084 2170 3473 2252 conjecturas
3571 2188 3791 2235 moror
3813 2218 3831 2251 ,
3947 2190 4113 2250 cum,

2533 2260 2680 2354 quia
2739 2264 3073 2354 multiplex
3142 2291 3359 2336 eorum
3422 2292 3560 2337 esse
3629 2293 3777 2337 usus
3841 2278 4113 2358 poterat,

2530 2380 2660 2436 tum
2724 2371 2869 2459 quia
2934 2389 3121 2436 causa
3184 2373 3416 2438 annexi
3481 2373 3915 2461 annuli‘jnter
3978 2383 4112 2441 tor·

2521 2494 2690 2565 ques
2745 2464 2986 2561 potius,
3057 2470 3244 2562 quam
3295 2498 3519 2543 numos
3574 2476 3889 2545 referendi
3919 2487 4108 2544 sunt.

2533 2576 2718 2642 Alios
2761 2576 2994 2645 similes
3036 2578 3184 2645 vide
3231 2579 3361 2647 aeri
3403 2580 3640 2647 incisos
3679 2574 3774 2647 in'
3793 2579 4105 2667 catalogo

2529 2679 2856 2760 d'Ennery
2907 2701 3054 2766 pag.
3111 2687 3256 2749 187.

2704 2774 2899 2863 Apud
2950 2772 3209 2844 eosdem
3275 2786 3562 2848 auctores
3630 2785 3904 2868 reperias
3949 2804 4110 2872 quo-

2538 2899 2659 2965 que
2728 2899 2954 2945 aureos
3025 2879 3465 2967 imperatorios
3533 2878 3902 2952 voluminis
3937 2886 4106 2954 ordi-

2533 2980 2722 3063 narii,
2790 2981 2950 3048 hos
2969 3005 3221 3072 quoque
3278 2985 3345 3050 in
3402 2987 3621 3056 orbem
3665 2988 3958 3056 nonnihil
4002 3013 4106 3058 or·

2464 3093 2780 3185 suatum,
2826 3086 2944 3153 etsi
2986 3088 3188 3154 minus
3240 3085 3466 3171 latum,
3541 3085 3805 3180 eumque
3868 3093 4105 3160 annulo'

2415 3221 2424 3229 κ
2527 3189 2676 3255 item
2723 3189 3134 3277 praefixum,

3230 3202 3593 3278 porrectoS,
3707 3194 3788 3260 de
3875 3194 4101 3284 quibus

2530 3290 2705 3378 quod
2761 3314 3084 3376 moneam,
3152 3313 3284 3359 non
3332 3295 3586 3379 habeo,
3659 3296 3780 3363 nisi
3840 3319 3948 3364 eos
4003 3297 4102 3364 sic

2529 3394 2720 3461 fixisse
2790 3394 3125 3481 formatos,
3203 3383 3272 3464 ut
3334 3420 3418 3465 ex
3486 3421 3863 3489 quecunque
3919 3401 4097 3482 loeo,

2530 3496 2961 3572 sive.ornatus
2983 3548 3031 3589 ,Α
3077 3501 3209 3568 sive
3263 3500 3543 3572 adfectus
3597 3525 3784 3570 causa
3837 3525 4097 3594 suspen-

2531 3597 2839 3670 der-entur.

2589 3715 2594 3720 '
2696 3705 2969 3772 Exstant
3034 3706 3218 3773 etiam
3269 3708 3338 3772 in
3399 3678 3627 3775 museis
3700 3709 3872 3776 numi
3917 3714 4100 3778 aenei

2527 3806 2789 3874 inaurati
2830 3818 2895 3876 et
2934 3809 3321 3896 inargentati.
3412 3810 3567 3877 Non
3611 3814 3847 3899 agimus
3881 3814 4012 3880 de
3991 3815 4096 3897 iis,

2530 3910 2639 3998 qui
2705 3907 3010 3980 moderna
3081 3922 3213 3980 arte
3288 3914 3453 3981 tales
3531 3925 3720 3998 sunt,
3806 3911 4152 3984 nimirum'

2529 4035 2689 4101 quos
2731 4009 2930 4103 inepti
2985 4036 3389 4102 possessores
3434 4023 3566 4084 non
3607 4039 3780 4086 raro
3797 4013 4097 4109 exem'plo

2437 4147 2445 4155 ·
2524 4117 2827 4185 volebant
2893 4118 3165 4185 nobilius
3237 4120 3557 4187 metallum
3622 4124 3923 4220 mentiri,
3979 4123 4101 4191 sed

2526 4220 2608 4287 de
2649 4220 2750 4303 iis,
2797 4241 2957 4307 quos
3002 4223 3094 4290 sic
3133 4232 3312 4291 vetus
3351 4245 3457 4322 ars
3489 4227 3752 4292 ornavit.
3840 4226 4095 4294 Horum

2523 4323 2629 4390 alii
2670 4322 2771 4392 vel
2816 4325 2935 4407 toti
2976 4343 3160 4410 auro,
3217 4323 3557 4413 argentove
3611 4327 3871 4397 obducti
3924 4340 4096 4415 sunt,

2199 4542 2466 4620 h)nTom.
2500 4545 2584 4600 lv.
2619 4567 2670 4616 Ρ.
2707 4504 2822 4612 235,
