4500 5650
274 1496 331 1525 ⁶·
399 1512 595 1579 stituti
666 1523 953 1580 auctores
967 1562 987 1596 ,

1659 495 2348 610 CAPvrn.
2687 544 2696 549 ·
3548 554 3604 604 v

400 694 708 775 artificeS,
732 697 743 705 ‘

400 797 641 865 incolas
653 797 723 882 ).

573 900 910 987 Perspecta
951 880 1215 968 metalli
1228 900 1454 1017 signati
1497 897 1777 970 utilitate
1800 922 1966 967 com·

798 696 1246 779 mercenarios,
1334 694 1552 766 servos
1572 749 1592 781 ,
1682 698 1968 785 aliosque

399 1001 760 1089 modisque,
841 1024 1228 1092 nequaquam
1282 1004 1538 1085 mirum,
1612 1008 1748 1090 ejus
1790 1024 1968 1069 usum

399 1127 437 1171 a
488 1102 782 1193 populis,
834 1107 1129 1173 moribus
1199 1128 1274 1173 ac
1326 1107 1707 1175 humanitate
1771 1105 1966 1192 magis

324 1249 333 1255 -
399 1208 665 1287 exemtis
734 1205 1024 1274 lubenter
1096 1216 1410 1295 receptum
1476 1207 1671 1275 fuisse
1689 1257 1707 1291 ,
1782 1218 1969 1296 atque

400 1307 799 1424 divulgatum.
838 1328 862 1339 ·
889 1311 1067 1379 Cum·
1098 1306 1313 1377 essent
1368 1311 1625 1392 Graeci,
1689 1318 1760 1377 ut
1801 1310 1966 1397 capi-

368 1418 465 1491 ,ιθ
530 1412 827 1498 proximo
896 1398 1203 1494 dicemus,
1277 1411 1581 1502 praeclari
1633 1412 1819 1499 hujus
1877 1412 1967 1476 in-

1076 1515 1246 1602 iique
1314 1537 1429 1603 per
1502 1536 1720 1580 omnes
1795 1515 1968 1589 orbis

397 1623 608 1701 partes
652 1608 1046 1683 coloniarum
1099 1618 1385 1685 examina
1436 1618 1815 1702 emitterent,
1882 1617 1969 1683 fa-

272 1809 281 1815 ·
400 1715 524 1782 cile
578 1718 879 1804 pecuniae
944 1738 1095 1784 usus
1157 1722 1225 1785 in
1286 1722 1735 1787 remotissimas
1788 1720 1971 1786 etiam

402 1826 599 1884 terras
641 1819 761 1886 fuit
800 1828 1149 1907 porrectus.
1240 1822 1388 1900 Quo
1433 1818 1681 1904 factum,
1727 1830 1796 1887 ut
1839 1842 1971 1888 uon

399 1919 599 1988 modo
672 1922 938 1995 Graecia
1010 1924 1309 2011 propria,
1398 1933 1529 1990 tum
1605 1933 1670 1991 et
1691 1973 1710 2005 ,
1813 1945 1972 2011 quae

392 2020 647 2107 Magna
702 2022 1050 2105 dicebatur,
1122 2024 1368 2106 Sicilia,
1442 2034 1504 2090 et
1568 2025 1972 2111 Archipelagi

406 2122 680 2204 insulae,
754 2132 817 2189 et
887 2123 1083 2191 Asiae
1161 2126 1421 2193 minoris
1486 2147 1603 2192 ora
1670 2126 1974 2192 maritima

406 2227 610 2292 numis
682 2224 1053 2307 abundaret,
1129 2228 1244 2294 sed
1303 2238 1368 2294 et
1424 2229 1716 2314 regiones
1760 2229 1968 2295 Ponto

400 2326 654 2393 Euxino
724 2327 993 2409 adsitne,
1074 2328 1287 2394 Africa
1363 2329 1738 2412 Cyrenaica,
1813 2354 1969 2397 non-

402 2427 609 2497 nullae
682 2428 847 2496 adeo
918 2430 1163 2499 Galliae
1228 2430 1697 2520 Hispaniaeque
1763 2434 1971 2501 urbes.

400 2531 731 2598 Paullatim
812 2533 1007 2627 etiam·
1080 2531 1268 2600 vicini
1343 2533 1442 2600 his
1516 2535 1767 2601 barbari
1820 2536 1969 2602 'tra-

404 2632 664 2701 ctandae
716 2635 1018 2723 pecuniae
1071 2632 1342 2716 adsueti,
1412 2646 1519 2702 aut
1569 2659 1795 2704 numos
1846 2639 1971 2726 ipsi

409 2746 750 2826 coeperunt
804 2732 1027 2818 ferire,
1106 2745 1212 2803 aut
1274 2739 1601 2828 pecuniam
1677 2762 1761 2806 ex
1826 2762 1970 2829 pro-

334 2924 342 2931 ,
405 2841 647 2929 pinquo
723 2841 1115 2956 peregrinam
1186 2841 1560 2928 intulerunt,
1640 2864 1838 2931 eaque
1905 2844 1973 2908 in

407 2944 924 3009 commerciorum
1013 2945 1540 3058 opportunitatem
1626 2955 1771 3012 sunt
1857 2947 1972 3013 usi.

407 3045 584 3111 Raro
650 3044 903 3110 barbari
965 3045 1159 3152 magis
1231 3045 1666 3127 mediterranei
1737 3069 1778 3113 a
1845 3047 1970 3134 pri-

410 3141 621 3214 stino
604 3146 1047 3234 permutandi
1119 3168 1295 3214 more
1381 3148 1756 3230 discessere,
1840 3149 1972 3216 sive

410 3247 585 3334 quod
640 3258 932 3316 monetae
982 3248 1316 3316 commoda
1382 3249 1771 3335 ignorarent,
1840 3252 1983 3334 sive,

406 3359 669 3438 propter
731 3353 1165 3437 pertinaciam,
1243 3361 1309 3418 et
1372 3352 1653 3419 novandi
1740 3353 1975 3436 odium,

334 3459 341 3464 '
410 3452 584 3541 quod
634 3452 768 3519 fere
824 3448 1239 3559 barbarorum
1296 3457 1618 3543 proprium
1670 3466 1796 3539 est,
1884 3458 1975 3545 ip-

410 3577 541 3623 sam
623 3556 811 3623 etiam
897 3558 1429 3646 opportunitatem
1481 3569 1979 3647 aspernarentur,

412 3660 544 3725 sive
604 3657 825 3748 quod,
881 3670 953 3730 ιιι
1008 3661 1210 3750 inquit
1278 3659 1460 3727 Plato
1470 3660 1564 3746 ¹¹),
1629 3661 1853 3728 multo
1890 3663 1978 3729 sa·

416 3761 593 3828 cilius
676 3761 902 3851 populi
996 3784 1167 3830 mare
1265 3761 1629 3830 adcolentes
1715 3775 1979 3853 propter

419 3862 897 3951 frequentiorem
969 3883 1110 3932 cum
1166 3865 1395 3932 exteris
1457 3887 1646 3939 usum
1706 3870 1977 3955 peregri·

296 4003 307 4008 -
414 3986 538 4032 nos
581 3987 785 4034 mores
827 3965 1137 4034 induunt.-

587 4070 766 4151 Quae
808 4068 1107 4136 hactenus
1162 4067 1358 4151 dixi,
1390 4037 1530 4135 cum
1584 4069 1977 4159 scriptorum,

410 4181 543 4238 tum
607 4192 937 4239 numorum
1004 4171 1378 4239 testimoniis
1445 4171 1696 4240 abunde
1756 4174 1979 4239 confir·

406 4281 672 4341 mantnt.
761 4275 860 4339 De
928 4273 1233 4362 Hispanis
1295 4295 1446 4341 suae
1526 4277 1747 4341 aetatis
1811 4278 1980 4343 Stra·

400 4529 413 4552 ³
543 4507 599 4577 ι)
634 4510 701 4564 de
733 4510 911 4579 Legib.
948 4511 1004 4564 1..
1023 4513 1082 4565 V.
1121 4532 1175 4582 p.
1213 4504 1331 4569 742.

400 4589 629 4680 :my-11.
665 4594 803 4649 Gan.
842 4597 898 4648 Ι..
934 4597 994 4649 V.
1029 4616 1073 4651 c·
1112 4598 1194 4654 12.

2022 2233 2238 2323 *aetate
2260 2272 2280 2306 ,

1430 4509 1531 4596 y)
1560 4514 1633 4567 aa
1662 4513 1786 4582 Lag.
1818 4493 1977 4571 i..1v.
2011 4535 2061 4587 p.
2085 4501 2202 4572 704.
2306 4507 2365 4580 x)
2400 4513 2460 4569 ι.
2493 4512 2577 4568 ιιι.
2610 4532 2664 4583 p.
2686 4531 2758 4567 m.
2795 4505 2954 4568 2³ss

2034 698 2122 764 bo
2132 704 2214 779 ⁸2)
2259 697 2408 766 ἀντι
2453 700 2521 764 δε
2563 719 2974 784 νομισματος
3016 702 3082 765 οἱ
3115 699 3263 764 lm
3298 703 3366 763 ἐν
3394 694 3605 782 βαθει

2036 822 2328 887 φορτιων
2372 797 2669 893 ἀμοιβῃ
2659 824 2979 889 χρωνται,
3029 799 3071 880 ἦ
3127 823 3245 865 του
3313 797 3603 888 ἄργυρον

2035 900 2414 989 ἑλασματος
2450 899 2931 987 ἀποτεμνοντες
2972 894 3269 979 Scaeam,
3319 907 3606 986 peemdae

2035 1009 2161 1071 loco
2193 1011 2279 1083 ii,
2336 1010 2442 1090 qui
2476 1012 2675 1090 magis
2726 1010 3134 1071 meclitmanei
3183 1016 3355 1082 sunt,
3402 1011 3603 1073 meroi-
3645 990 3670 999 ⁴

2034 1129 2135 1173 um
2174 1112 2598 1190 permutatim
2639 1118 2917 1186 vamur,
2974 1118 3080 1173 aut
3131 1108 3449 1172 aemesam
3499 1128 3605 1192 arf

2034 1217 2202 1293 genti
2236 1215 2518 1277 lamiaemm
2557 1216 2900 1292 rependum.
2984 1209 3159 1292 Ergo
3204 1208 3314 1295 qui
3340 1206 3600 1273 vicinio·

2036 1308 2137 1377 res
2196 1311 2351 1376 mari
2399 1309 2606 1390 fuere,
2681 1331 2755 1374 ac
2814 1308 2916 1374 vel
2977 1307 3126 1375 ideo
3181 1307 3606 1393 frequentiore

2039 1433 2178 1478 cum
2226 1413 2478 1478 exteris
2558 1413 2933 1476 commercio
3009 1418 3156 1477 sunt
3227 1411 3354 1492 usi,
3433 1432 3659 1479 suam·

2037 1514 2315 1580 habuere
2366 1522 2699 1596 monetam.
2788 1513 2986 1602 Atqui
3036 1522 3100 1578 et
3154 1511 3397 1578 urbium
3450 1513 3605 1591 Bae·

2036 1617 2229 1698 ticae,
2319 1638 2478 1704 quae
2563 1616 2748 1681 maris
2837 1616 3279 1703 fluminumque
3359 1615 3606 1699 naviga-

2038 1717 2257 1784 bilium
2324 1717 2642 1785 beneficio'
2696 1718 2892 1803 magis
2971 1717 3087 1782 fuit
3150 1716 3234 1782 ad
3304 1738 3608 1782 commea·

2037 1829 2139 1885 tus
2183 1818 2446 1901 idonea,
2523 1840 2657 1885 non
2722 1820 3024 1906 copiosos
3069 1817 3299 1900 mod0,
3369 1818 3484 1885 sed
3547 1828 3611 1884 et

2037 1922 2445 2009 per-antiquos
2509 1920 2809 1988 habemus
2876 1938 3133 2000 ιιιιιιιοε,
3207 1927 3446 2007 paucos
3509 1906 3664 1985 ur·'

2039 2022 2210 2088 bium
2267 2046 2304 2088 a
2370 2025 2625 2095 Baetica
2684 2025 2751 2088 in
2814 2023 3291 2109 septemtriones
3351 2042 3607 2107 vergen-
3649 2008 3688 2085 ,κ

2040 2123 2222 2204 tium,
2288 2145 2527 2213 eosque
2579 2124 2712 2189 fere
2774 2144 2813 2189 a
2878 2125 3310 2197 Romanorum
3372 2133 3611 2189 tantum
3667 2184 3674 2189 .

2367 2227 2424 2292 si
2510 2222 2855 2294 oscensem
2935 2236 3208 2293 veterem
3293 2234 3610 2295 monetam

2040 2326 2272 2393 demaS.
2402 2326 2688 2393 Alterum
2762 2327 2841 2393 de
2917 2329 3242 2397 Germanis
3330 2328 3612 2394 testimo·

2038 2430 2209 2494 nium
2290 2428 2532 2496 illustre
2602 2429 2805 2504 Taciti
2821 2427 2913 2515 ’):
2999 2420 3262 2515 prom-imi
3278 2479 3297 2512 ,
3387 2429 3608 2516 inquit,

2041 2534 2111 2597 ob
2150 2554 2327 2601 usum
2379 2532 2850 2598 commerciorum
2911 2540 3126 2599 aarum
3179 2544 3235 2598 et
3298 2545 3613 2616 argentum

2035 2640 2099 2700 in
2162 2641 2356 2718 pretio
2430 2636 2669 2713 habent,
2738 2635 3094 2720 forumque
3158 2641 3446 2719 quasdam
3509 2659 3608 2700 no·
3695 2684 3704 2693 .

2038 2747 2201 2803 strae
2263 2742 2598 2820 pecuniae
2633 2750 3007 2821 agnoscam,
3096 2750 3270 2823 atque
3354 2742 3610 2822 «ilignae,-

2038 2846 2346 2906 mteriores
2427 2844 2751 2923 simplicius
2821 2852 2878 2905 et
2949 2847 3243 2925 emtiqutus
3313 2854 3611 2925 permuta·

2040 2947 2194 3006 tione
2257 2948 2535 3007 mercium
2605 2953 2868 3008 utuntur.
2977 2945 3295 3009 Poewnam
3358 2945 3614 3027 probant

2037 3054 2286 3110 veterem
2345 3055 2402 3109 et
2464 3047 2568 3108 diu
2630 3054 2860 3119 notam,
2930 3046 3194 3109 set-'ratos
3250 3048 3610 3131 bigatosque.

2038 3147 2371 3227 Argentum
2429 3166 2651 3229 quoque
2700 3139 2929 3228 magis,
2994 3167 3172 3233 quam
3234 3168 3453 3211 aarum
3521 3169 3611 3213 se·

2037 3260 2329 3333 qaum,
2367 3249 3223 3332 nullaqffectioneanmu‘,
3315 3251 3740 3334 sedquz‘a'·

2042 3372 2322 3420 numerus
2372 3361 2788 3434 argenteorum
2831 3347 3086 3432 facilior
3154 3355 3295 3417 usui
3348 3360 3434 3416 est
3472 3373 3612 3433 pro-

2044 3460 2271 3520 miscua
2319 3445 2392 3519 uc
2453 3456 2599 3518 vilia
2658 3455 3060 3519 mercantibus.
3150 3452 3293 3530 Qua
3349 3450 3417 3518 iu
3474 3473 3610 3518 ora-

2046 3557 2221 3622 tione
2293 3554 2550 3624 nomine
2631 3562 3037 3640 proximorum
3118 3552 3412 3639 intelligit
3475 3553 3611 3621 bar-

2047 3658 2238 3725 batos
2296 3657 2639 3744 provinciis
2697 3658 3018 3724 Romanis*
3063 3656 3434 3741 contiguos,
3499 3678 3612 3722 no-
3655 3649 3668 3670 “

2044 3760 2212 3848 mine
2266 3766 2609 3828 &aeriorum
2667 3762 2863 3846 magis
2908 3759 3059 3826 inde
3099 3769 3415 3844 remotos„
3479 3759 3614 3824 nul—

2043 3863 2107 3929 la
2178 3872 2284 3930 aut
2351 3883 2491 3929 rara
2561 3885 2699 3928 cum
2771 3864 2871 3929 his
2941 3861 3438 3956 consuetudine,
3512 3853 3636 3929 ve?

2041 3967 2160 4033 teri
2211 3964 2375 4033 adeo
2440 3965 2975 4053 permutatationis
3043 3965 3354 4059 instituto¹
3403 3964 3614 4032 inhae-

2044 4079 2273 4137 rentes.
2359 4069 2435 4134 In
2476 4069 2828 4151 Britannia,
2872 4068 3072 4157 inquit
3116 4068 3344 4136 Caesar
3356 4070 3434 4154 ⁸),
3494 4089 3614 4155 pro
3665 4114 3670 4120 -

2046 4181 2301 4240 moneta
2365 4192 2470 4237 aes
2527 4170 2714 4252 rude,
2790 4180 2895 4237 aut
2945 4170 3171 4262 taleae·
3204 4171 3443 4237 ferreae
3511 4192 3613 4237 va·

2048 4275 2320 4344 luerunt.
2408 4273 2600 4354 Daci,
2674 4294 2833 4360 quos
2896 4294 3056 4350 unus
3106 4275 3268 4339 Ister
3320 4273 3400 4338 ab
3455 4281 3615 4337 utra·

3025 4507 3085 4583 y)
3119 4510 3184 4565 de
3204 4507 3448 4565 German.
3484 4531 3527 4565 c.
3545 4514 3598 4572 5.
