4500 5650
912 522 1145 589 xcvm
1459 542 1463 549 <
1772 416 2586 615 PROLEGOMENA
2639 458 3213 576 GENERALIA.
3295 554 3318 577 2

916 652 1235 754 operamj
1270 652 1419 731 nisi
1470 659 1781 745 viderem,
1852 683 2071 731 eorum
2124 664 2523 763 plerosque,
2557 664 2806 747 tabula,
2876 675 2942 731 et
3006 686 3089 732 ex
3140 657 3370 781 quibus
3428 662 3612 729 illae
3638 663 3840 731 aumas
3902 670 4200 750 captae

914 789 986 834 re
1030 766 1459 835 numismatica
1496 764 1813 847 nondum,
1882 776 1951 833 ιιι
2001 766 2247 848 bodies
2292 788 2489 854 expo·
2557 768 2710 848 sint,
2755 776 3233 834 commentarius
3277 785 3572 853 sequens:

810 898 815 911 ·
915 869 1059 950 lita,
1107 866 1500 955 digestaque
1545 889 1770 936 numos
1815 880 2145 956 suspectos
2190 878 2296 935 aut
2329 856 2492 934 male
3297 869 3380 933 Α.

918 990 1110 1038 sanos
1175 971 1243 1034 in
1297 970 1721 1037 testimouium
1758 960 2159 1052 advocasse,
2232 979 2341 1037 aut
2395 993 2491 1036 ca·
2619 966 2630 971 ’
2700 972 2945 1041 1.1n
3007 991 3199 1036 numo
3263 967 3691 1061 antiquissimo
3756 965 3870 1033 Lai
3928 966 4132 1033 Luca·

834 1072 839 1081 ’
916 1073 1118 1139 ruisse
1162 1082 1278 1139 ·tot
1352 1072 1690 1161 praeclaris
1755 1074 1989 1154 numis,
2066 1085 2228 1161 quos
2293 1073 2493 1140 serius
2563 1074 2719 1140 niae.
2803 1072 3134 1163 Ejusdem·
3157 1072 3398 1142 formae
3451 1081 3586 1137 est
3601 1072 3788 1137 etiam
3839 1068 3902 1132 A
3939 1067 4132 1135 Etru-

918 1174 1196 1262 propitia
1290 1174 1543 1241 fortuna
1633 1174 1823 1240 nobis
1918 1175 1986 1240 in
2084 1185 2493 1263 conspectum
2559 1196 2733 1242 scum
2755 1171 2842 1243 1ιι
2885 1176 3088 1243 numis
3134 1156 3620 1243 Volaoerrarum.

818 1267 827 1271 ’
918 1275 1112 1344 dedit.
1480 1298 1495 1321 ⁸
2415 1292 2426 1307 ⁸
2734 1284 2793 1347 2.
2877 1281 2955 1345 In
3011 1280 3216 1382 numis
3283 1274 3722 1409 antiquissimis
3787 1271 4134 1343 Cauloniae

1096 1374 1451 1457 Praesentis
1577 1373 2102 1493 palaeographiae
2216 1378 2497 1445 Graecae
2561 1389 2625 1446 et
2666 1370 3070 1475 Metaponti.

922 1476 1119 1565 vades
1186 1497 1336 1543 non
1406 1472 1642 1556 habeo,
1739 1479 1863 1545 nisi
1931 1500 2209 1562 numos,
2287 1482 2492 1549 missis
2732 1487 2794 1552 3.
2864 1483 2942 1551 In
2984 1478 3414 1571 antiquissimo
3461 1478 3874 1561 Methymnae
3914 1473 4128 1543 Lesbi.

676 1568 690 1633 T
805 1658 812 1668 ,
920 1554 1085 1646 adeo
1174 1579 1686 1666 quibuscunque
1797 1584 2216 1649 monumentis
2331 1578 2491 1667 aliis,
2562 1582 2764 1663 (Mus.
2809 1584 3037 1674 Caes.)

917 1682 1255 1769 praecipue
1315 1682 1760 1763 marmoribus,
1847 1705 1931 1749 ex
2003 1687 2227 1772 quibus
2286 1688 2494 1753 variae
2621 1720 2636 1749 e
2732 1692 2828 1755 4.
2855 1687 2941 1752 Ιιι
3006 1684 3450 1772 antiquissimo
3502 1680 3893 1748 Faliscorum
3943 1638 4130 1775 Etru-
4221 1716 4230 1725 -

918 1783 1160 1851 formae
1196 1782 1373 1854 aliae
1424 1803 1653 1868 magno
1707 1804 1969 1851 numero
1998 1788 2151 1877 peti
2202 1776 2487 1871 possent,
2556 1786 2703 1851 riae.
2794 1786 3116 1864 (Hunter.)
3216 1785 3512 1849 Occurrit
3568 1781 3755 1849 etiam
3807 1782 3874 1846 in
3916 1770 4132 1847 aeneis

916 1885 1032 1953 sed
1077 1886 1185 1973 qui
1227 1880 1414 1952 lab'or
1454 1885 1720 1951 instituti
1762 1886 1885 1950 mei
1928 1886 2086 1957 fines
2130 1885 2401 1955 excedit.
2557 1884 2958 1955 Athenarum.
3047 1882 3353 1971 (Haym.)

1085 1988 1337 2055 Literae
1391 1985 1712 2074 alphabeti
1766 1984 2030 2069 Graeci,
2109 1983 2236 2075 quo
2294 1988 2488 2055 hodie
2728 1992 2789 2058 5.
2887 1989 2964 2053 In
3028 1986 3508 2099 antiquissimo
3530 1983 3882 2051 Pandosiae
3939 1983 4127 2051 Brut-

754 2110 765 2117 ’
882 2074 1174 2171 utimur,
1272 2094 1410 2175 ejus
1484 2099 1631 2156 sunt
1686 2087 1976 2173 formae,
2065 2110 2195 2177 qua
2263 2091 2490 2157 Graeci
2557 2090 2800 2159 tiorum.

915 2191 1155 2276 optima
1226 2198 1377 2257 sua'
1416 2200 1652 2271 aetate,
1737 2190 1808 2256 id
1887 2200 2013 2274 est,
2103 2191 2338 2287 artibus
2407 2191 2491 2259 ad
2701 2196 2792 2257 ..6
2884 2191 3174 2275 Occurrit
3255 2189 3321 2255 in
3394 2188 3600 2255 numis
3677 2186 3900 2275 optimi
3967 2187 4126 2267 aevi,
4213 2222 4220 2227 ·

915 2310 1218 2361 summam
1344 2291 1611 2377 gloriam
1741 2293 1972 2358 evectis
2085 2280 2493 2360 communiter
2561 2316 2618 2357 v.
2645 2313 2726 2393 .g·
2789 2292 2855 2361 in
2924 2291 3311 2378 elegantibus
3377 2290 3849 2357 tetradrachmis
3911 2308 4130 2374 regum

682 2390 688 2399 ”
814 2408 818 2417 ·
917 2402 1065 2461 sunt
1104 2393 1235 2457 usi.
1316 2393 1472 2477 Ejus
1528 2396 1753 2461 aetatis
1798 2394 1956 2460 fines
2003 2393 2167 2461 duco
2213 2418 2251 2461 a
2292 2408 2492 2480 regno
2559 2376 2932 2474 Bithyniae,
3055 2395 3376 2479 (Haym.)
3487 2384 3556 2459 in
3653 2391 4130 2459 tetradrachmis

879 2494 1198 2581 Philippi
1282 2494 1600 2575 Amyntae
1690 2516 1895 2582 usque
1997 2494 2079 2560 ad
2164 2496 2493 2584 imperium
2560 2494 2775 2561 Aradi.
2874 2494 3214 2577 (Pellerin.)
3312 2496 3528 2563 Serius
3590 2504 3910 2583 comparet
3972 2514 4128 2581 quo·

915 2576 1260 2685 primorum
1304 2597 1657 2662 Caesarum.
2553 2618 2685 2693 que
2748 2597 2816 2662 in
2876 2598 3080 2665 numis
3135 2598 3522 2664 Sauromatis
3577 2598 3690 2663 1-11.
3741 2596 4154 2684 Bosporani,’

1096 2690 1344 2765 Numos
1391 2700 1673 2767 Graecos
1744 2697 1990 2764 urbium
2044 2701 2179 2791 jam
2233 2700 2299 2764 in
2353 2699 2493 2767 bar·
2561 2698 2887 2791 (Pellerin.
2949 2700 3134 2766 Rois
3161 2700 3291 2769 tab;
3345 2706 3437 2782 4.)
3502 2708 3569 2766 et
3618 2700 3684 2765 in
3741 2692 4128 2832 tetradi-ach·

920 2799 1154 2874 bariem
1220 2800 1661 2872 declinantium
1730 2821 1862 2866 non
1920 2800 2193 2889 amplius
2273 2770 2528 2870 admit·
2559 2803 2675 2868 mis
2717 2806 2931 2888 regum
2974 2802 3284 2870 Parthiae.

918 2900 1176 2984 tendes,
1260 2901 1817 2992 consulendosque
1880 2902 2063 2986 duxi,
2124 2893 2301 2991 qu'ia
2362 2927 2486 2973 am·
2654 2906 2951 2972 7.1n
2994 2908 3202 2972 aeneis
3247 2884 3650 2972 Athenanun.
3725 2902 4021 2986 (Haym.)

738 3027 749 3038 ·
832 3035 847 3056 x
916 3003 1100 3092 plius
1155 2951 1368 3072 literas
1438 3026 1597 3092 pure
1644 3007 1936 3073 Graecas
1989 3026 2163 3072 ιιοιι
2194 3006 2547 3090 offerunt,
2730 3013 2791 3076 8.
2877 3003 2968 3072 In
2982 3008 3414 3095 antiquissimo
3443 3004 3896 3086 Chalcedonis,
3939 3026 4128 3094 quem

866 3139 875 3144 ·
915 3106 1031 3173 sed
1101 3129 1183 3176 ex
1249 3105 1620 3212 alienarum,
1698 3118 1815 3194 *aut
1863 3109 2202 3176 vicinarum
2246 3109 2508 3195 lingua·
2560 3106 2732 3176 edidi
2771 3108 2840 3173 in
2880 3130 3018 3174 mea
3060 3108 3327 3196 Sylloge
3357 3110 3409 3176 I.
3499 3109 3574 3174 In
3618 3107 3901 3193 elegante
3940 3117 4130 3175 tetra-

844 3197 851 3204 ⁶
919 3230 1057 3277 rum
1110 3212 1405 3297 contagio
1466 3208 1693 3277 misere
1744 3221 2119 3298 corruptas,
2194 3209 2491 3299 deprava·
2562 3203 2858 3277 drachmo
2912 3211 3310 3292 Lysimachi,
3386 3232 3572 3298 quem
3621 3210 3796 3278 edidi
3847 3212 3912 3277 in
3963 3211 4127 3278 meis

923 3320 1162 3399 tasque.
1271 3311 1512 3377 Placuit
1581 3310 1976 3406 potissimum
2043 3312 2360 3397 inquirere
2426 3315 2494 3378 in
2560 3313 2786 3379 Numis
2841 3322 3024 3380 vet.
3077 3314 3152 3378 In
3209 3334 3399 3379 numo
3453 3311 3734 3380 Arsamis
3787 3312 4131 3379 Armeniae

922 3411 1187 3491 formas,
1260 3433 1414 3499 quas
1477 3413 1707 3478 Graeci
1769 3414 1835 3477 in
1891 3412 2334 3512 antiquissima
2381 3436 2496 3481 sua
2558 3417 2744 3501 regis.
2821 3414 3146 3500 (Pellerin.
3189 3416 3434 3482 Lettr‘es
3478 3436 3539 3502 p.
3568 3416 3778 3502 ,.79)
3811 3415 3889 3481 Ιιι
3929 3435 4129 3482 ιιιιιιιο

922 3519 1175 3578 moneta
1247 3511 1681 3603 descripsere,
1753 3513 1863 3580 et
1887 3535 2145 3602 quarum
2217 3515 2496 3604 perfecta
2561 3517 2908 3584 Heracleae
2962 3518 3149 3582 Ponti
3204 3514 3575 3584 Caracallae.
3635 3516 3841 3610 (Mus.
3879 3517 4176 3598 Caes->⁵

923 3614 1203 3702 cognitio
1291 3613 1374 3680 ad
1457 3615 1715 3682 varias
1750 3614 2021 3703 denique
2100 3618 2494 3710 philologiae
2561 3620 2636 3686 In
2698 3640 2888 3686 numo
2944 3621 3239 3703 Byzantii
3289 3603 3518 3760 Getae,
3602 3640 3788 3705 quem
3829 3619 3994 3688 vide
4051 3621 4130 3687 in

926 3738 1145 3784 causas
1187 3713 1446 3782 multum
1488 3726 1700 3803 potest
1741 3705 2118 3803 prodesse.
2560 3723 2715 3789 meis
2759 3724 2959 3789 numis
3002 3733 3126 3788 vet.

969 3875 977 3883 .
1102 3818 1390 3885 Ceterum
1463 3840 1618 3907 quas
1697 3818 1948 3887 dictabo
2010 3820 2276 3904 formas,
2360 3842 2492 3889 non
2605 3908 2614 3914 ⁸
2733 3832 2794 3895 9.
2881 3826 2958 3912 19
2998 3815 3469 3892 tetradrachmis
3510 3844 3728 3911 regum
3767 3775 4078 3892 Parthiae.

916 3919 1071 4007 cepi
1140 3918 1263 3985 nisi
1343 3943 1425 3987 ex
1454 3921 1730 4008 numis‚
1749 3939 1979 4009 quos
2055 3931 2160 3988 aut
2232 3921 2493 3990 viderim
2656 3958 2722 3984 -τ
3305 3926 3410 4012 Β.

924 4023 1094 4109 ipse,
1218 4031 1324 4088 aut
1425 4045 1688 4113 quorum
1775 4023 2129 4092 adcuratos
2189 4015 2492 4094 habemus
2736 4030 2952 4098 1.1n
3006 4021 3439 4117 antiquissimo
3493 4028 3793 4115 Segestae
3843 3987 4126 4112 Siciliae,

925 4123 1301 4206 iconismos,
1399 4146 1563 4213 quos
1647 4119 1811 4196 inter
1891 4115 2288 4217 praecipuam
2361 4129 2491 4195 lau·
2560 4128 2895 4216 (Hunter.)
2997 4131 3261 4219 aliisque
3320 4129 3552 4218 paucis.
3655 4127 3862 4196 Aliam
3931 4119 4174 4218 hujus¹

929 4226 1072 4294 dem
1167 4236 1480 4304 merentur
1588 4227 1954 4310 Haymiani,
2068 4227 2488 4314 Pelleriniani,
2556 4233 2845 4302 elementi
2885 4235 3243 4301 varietatem
3282 4251 3416 4298 non
3456 4229 3605 4297 vidi.

928 4329 1331 4413 Hunt'eriani,
1479 4329 1710 4421 aliique
1802 4327 2138 4462 insignium
2227 4343 2492 4406 nostrae
2809 4368 2826 4376 ’
3307 4337 3386 4401 Γ.
3411 4372 3425 4382 -

751 4403 761 4416 ’
794 4459 819 4468 a
909 4433 1147 4500 aetatis
1189 4435 1527 4500 auctorum.
2733 4444 2787 4507 1.
2876 4439 2951 4505 In
2993 4436 3432 4524 antiquissimis
3475 4434 3720 4502 urbium
3748 4434 4126 4518 Sicularum,
4151 4495 4172 4504 ..

1098 4534 1439 4602 Literarum
1533 4534 1797 4601 formam
1894 4493 2152 4603 dictabit
2247 4534 2489 4673 adjecta
2555 4538 2909 4627 Agrigenti,
3010 4541 3399 4625 Geloorum,
3483 4537 3952 4624 Morgantiae,
3975 4533 4126 4605 'Se-

1422 4677 1457 4688 ῤ’
1568 4670 1611 4690 ᾗ
