4500 5650
884 474 973 524 ex
1036 428 1043 435 ’
1620 388 1645 411 χ
1781 456 2562 531 PROLEGOMENA
2592 410 3170 533 emi-:annm

880 622 1245 683 transcursu
1302 618 1513 703 attigit
1570 627 1832 697 tantum,
1924 636 2055 687 non
2118 619 2243 686 sibi
2303 640 2450 707 pro·
2521 604 2740 709 pressa
2793 617 3104 707 fuerint,
3149 617 3522 686 infirmiores
3577 616 3727 684 mihi
3781 612 4110 701 videnum,

758 758 763 765 ·
886 719 1158 786 bandum
1202 719 1519 808 sumpsit„
1545 743 1683 789 eam
1738 723 2113 808 argumentis
2171 720 2454 791 stabilire
2525 745 2708 811 quam
2749 734 2826 790 ut.
2862 723 3144 812 exponi
3148 732 3515 789 mereantur.

889 838 1218 908 aggressus
1276 832 1373 890 est
1422 822 1889 893 Mahudalius.
1976 826 2112 907 Ait,
2186 824 2457 893 existere
2509 846 2520 855 ·
2697 826 3061 895 Sententiae
3143 824 3292 891 huic
3339 847 3416 890 ,ιι
3485 822 3756 890 Joberto
3830 821 4103 911 primum

880 945 1338 1012 :nonnunquam
1396 926 1464 992 in
1516 927 1869 994 civitatibus
1924 949 2142 994 causas
2194 928 2454 1010 subitas,
2523 927 2788 996 traditae
2855 928 3218 997 adversatus
3279 927 3481 997 serius
3539 935 3642 992 est
3705 922 3801 993 Cl.
3853 924 4121 993 anm-

892 1049 1080 1113 quae
1138 1036 1389 1114 cogant
1454 1049 1681 1115 augere
1764 1028 2083 1097 valorem
2140 1041 2454 1100 monetae.
2522 1031 2671 1099 loco
2717 1013 3226 1121 supralaudato.
3317 1031 3522 1099 Eccur
3566 1028 3751 1108 enim,
3808 1027 3914 1109 ait,
3965 1027 4099 1093 Ro-

637 1126 645 1133 ’
768 1176 775 1187 .
883 1128 1204 1217 Exemplo
1260 1140 1400 1198 esto
1455 1153 1559 1215 aa*
1578 1132 2008 1199 Romanorum
2061 1156 2173 1220 per
2220 1134 2456 1201 bellum
2521 1137 2690 1201 mani
2743 1146 2945 1203 stante
2998 1130 3387 1255 Republica,
3473 1134 3614 1197 cum
3667 1128 3856 1197 toties
3912 1138 4101 1217 auge·

890 1231 1192 1301 Punicum
1253 1233 1335 1302 II.
1413 1255 1611 1321 usque
1682 1234 1843 1303 adeo
1911 1236 2264 1303 imminutus
2330 1258 2454 1303 ma·
2523 1262 2594 1307 re
2635 1238 2915 1313 valorem
2957 1240 3148 1323 aeris,
3177 1242 3272 1304 ιιι
3313 1246 3592 1319 constat,
3637 1254 3899 1301 neeesse
3941 1232 4098 1303 fu'n·

886 1345 1077 1403 neute
1131 1333 1357 1400 eodem
1408 1335 1644 1403 valore.
1698 1364 1717 1375 ·
1781 1339 2129 1416 Primorum
2192 1339 2456 1426 impera·
2526 1352 2655 1421 set,
2715 1340 3048 1409 refundere
3102 1341 3313 1428 potius
3370 1359 3597 1426 magno
3655 1345 3906 1423 sumptu
3964 1337 4106 1404 uni-

885 1446 1100 1507 torum
1186 1445 1389 1504 aetate
1477 1439 1744 1508 eundem
1832 1441 2018 1507 finem
2108 1441 2456 1521 obtentum,
2527 1465 2770 1511 versam
2878 1453 3194 1510 monetam
3307 1463 3562 1509 aeneam
3668 1438 4102 1523 instituerunt3
4143 1434 4190 1504 ⁷.

842 1576 849 1583 ,
890 1538 1008 1606 sed
1050 1538 1276 1606 horum
1334 1558 1458 1628 ope
1513 1542 1835 1628 signorum
1878 1554 2166 1613 monetae
2197 1548 2333 1630 jam
2377 1543 2460 1608 si·
2529 1566 2714 1631 quam
2788 1566 2926 1613 eam
2949 1596 2967 1628 ,
3061 1543 3237 1662 quod
3307 1542 3549 1609 facilius
3622 1551 3882 1633 peractu
3948 1541 4103 1624 fuit,

886 1652 1112 1729 gnatae
1162 1644 1628 1730 impressorum.
1717 1645 1805 1711 At
1861 1666 2001 1713 cum
2060 1647 2229 1713 idem
2287 1643 2454 1712 vide·
2523 1648 2846 1737 impressis
2890 1648 2989 1720 his
3031 1647 3225 1734 signis
3253 1654 3523 1725 notare,
3557 1644 3914 1751 praecipue
3949 1665 4104 1710 eum
4145 1680 4154 1687 -

886 1755 1013 1826 ret,
1103 1758 1351 1837 numos*
1395 1747 1488 1813 sic
1542 1756 1797 1814 notatos
1850 1768 1993 1815 esse
2046 1747 2474 1834 paucissimos
2527 1770 2746 1814 eorum
2798 1771 2948 1819 usus
3003 1750 3258 1833 ignotus
3313 1748 3391 1810 iis
3435 1765 3576 1812 esse
3619 1746 3754 1810 ιιοιι
3793 1746 4104 1832 potuerit,

886 1860 1179 1936 respectu
1221 1868 1470 1930 eorum,
1530 1851 1639 1939 qui
1692 1852 1891 1916 notati
1944 1870 2076 1921 non
2133 1858 2308 1930 sunt,
2363 1850 2458 1913 re·
2527 1849 2773 1936 pridem
2857 1852 2924 1915 in
2971 1848 3390 1916 *mvimtibus
3443 1848 3702 1915 Graecis
3775 1840 4108 1933 receptus?

893 1949 1204 2039 spondet,
1293 1951 1573 2027 valorem
1624 1952 1725 2018 his
1785 1954 1979 2038 signis
2027 1963 2275 2020 auctum
2328 1972 2460 2019 non
2529 1952 2666 2019 Cur
2717 1953 2811 2017 sic
2863 1951 3033 2039 apud
3087 1952 3414 2019 Romanos
3483 1948 3687 2019 notati
3739 1949 3909 2016 fuere
3967 1949 4108 2015 soli

888 2060 1212 2142 spectasse
1299 2052 1380 2119 ad
1427 2075 1687 2121 omnes
1758 2055 2006 2172 imperii
2070 2055 2460 2144 provincias,
2527 2054 2700 2123 numi
2727 2056 2944 2123 aenei?
3016 2056 3355 2122 Enimvero
3401 2073 3661 2121 necesse
3700 2062 3816 2133 est,
3835 2060 4107 2149 spema-

893 2154 1009 2223 sed
1053 2154 1134 2220 ad
1180 2176 1285 2239 eas
1336 2164 1610 2236 tantum,
1670 2152 1896 2244 qiiibus
1950 2159 2016 2222 in
2061 2180 2249 2225 causa
2293 2157 2461 2223 subi·
2528 2167 2599 2223 to
2651 2158 2870 2224 valore
2928 2159 2995 2224 ιιι
3052 2156 3298 2245 triplice
3351 2154 3608 2224 metallo
3674 2164 3909 2222 cermm
3959 2176 4108 2222 esse

891 2253 1097 2324 ιαἿοο
1159 2236 1441 2342 remedio
1500 2279 1660 2344 opus
1714 2257 1845 2325 fuit.
1957 2259 2164 2325 Aucto
2214 2258 2371 2335 inde
2425 2280 2464 2324 a
2532 2259 2793 2341 debere,
2880 2269 3066 2348 atque
3118 2282 3199 2338 ex
3239 2257 3686 2349 praesentibus
3740 2256 3942 2329 causis
3989 2255 4106 2325 de·

890 2361 1170 2451 Trajano
1260 2357 1548 2425 monetae
1612 2359 1939 2426 Romanae
2021 2382 2284 2429 numero
2355 2380 2462 2425 ne·
2525 2362 2770 2427 finitum
2823 2363 3270 2429 intervallum·
3319 2362 3499 2448 Ergo
3549 2362 3616 2427 si
3665 2359 3928 2427 valoris.
3957 2381 4104 2446 aug·

892 2484 1077 2529 cesse
1158 2458 1424 2548 amplius
1509 2481 1644 2527 non
1717 2461 1940 2544 fuisse,
2027 2464 2156 2529 hoc
2227 2462 2463 2535 valoris
2531 2473 2804 2533 mentum
2858 2463 3078 2531 fuisset
3125 2466 3461 2545 intentum,
3518 2452 3752 2529 iriensis
3796 2461 4102 2529 boemo·

896 2564 1101 2637 dicto
1136 2562 1332 2630 modo
1397 2574 1803 2649 augmentum
1844 2566 2176 2633 arcessere.
2284 2564 2463 2631 Diffi·
2533 2566 2619 2633 do
2671 2568 2875 2633 numis
2932 2570 3241 2653 argenteis
3292 2567 3488 2633 multo
3548 2564 3836 2652 amplior
3851 2574 4103 2632 'summa

896 2667 1019 2734 cile
1060 2690 1215 2734 vero
1256 2688 1401 2733 esse
1442 2665 1723 2733 divinare
1766 2686 1985 2751 causas
2001 2717 2019 2751 ,
2094 2690 2253 2755 quae
2298 2666 2470 2735 subi
2529 2669 2824 2739 breviore
2865 2678 3150 2756 tempore
3192 2669 3502 2756 potuisset
3541 2668 3836 2735 conficis
3873 2664 4100 2753 Addit,

808 3023 813 3032 -
892 2976 1057 3043 aliae
1117 2965 1198 3043 ad
1254 2976 1560 3063 populum
1620 2975 2065 3063 pertinuerint,
2144 2998 2307 3067 quos
2367 2997 2468 3044 va·
2536 2977 2685 3044 mile
2726 2975 3040 3060 videatur,
3099 2979 3292 3046 fuisse
3345 2979 3503 3046 haec
3553 2978 3733 3065 signa
3783 2976 3947 3043 aucti
3998 2998 4104 3043 va·

888 3082 1022 3147 rios
1059 3083 1276 3166 jussus
1318 3079 1601 3145 indicare
1642 3077 1933 3146 videntur
1975 3090 2169 3145 notae
2193 3079 2377 3146 IMP.
2383 3113 2468 3128 ω-
2509 3060 2691 3146 loris
2744 3079 3018 3163 indicia,
3108 3082 3378 3169 denique
3430 3083 3487 3148 si
3538 3080 3707 3148 istud
3761 3078 4112 3167 praefixum

898 3182 1109 3249 AVG.
1153 3217 1234 3234 —-
1285 3181 1520 3248 CAES.
1550 3213 1637 3230 --
1675 3181 1874 3250 SPR.
1920 3180 2139 3247 Minus
2182 3179 2470 3248 adhaesit
2535 3182 2683 3264 fuit,
2738 3184 2949 3249 mirari
2995 3205 3172 3268 sese,
3223 3205 3336 3251 cur
3388 3205 3464 3250 ea
3519 3203 3652 3252 non
3706 3184 3798 3254 in,-
3824 3181 4110 3250 omnium

897 3284 1373 3371 Havercampus
1462 3279 1744 3372 ejusdem
1831 3283 2181 3349 sententiae
2257 3293 2467 3368 patro-
2531 3286 2977 3382 imperatorum
3031 3271 3238 3352 numis
3289 3296 3705 3374 compareant.
3791 3285 3958 3351 Sane
3999 3293 4106 3354 εε-

648 2790 659 2800 ’
714 2802 721 2815 ·
800 2808 835 2866 ⁴²,
892 2781 1148 2838 tansum
1199 2768 1367 2836 istud
1416 2768 1761 2840 remedium
1813 2772 2154 2854 suaserint,
2208 2790 2465 2858 quarum
2532 2772 2681 2838 huic
2740 2772 2925 2839 etiam
2977 2773 3321 2840 sententiae
3380 2773 3643 2855 obesse,
3712 2767 3888 2859 quod
3951 2788 4103 2858 pau·
4113 2768 4170 2803 “·
4207 2780 4220 2785 “

894 2874 1058 2948 aliae
1110 2873 1196 2942 ad
1242 2873 1720 2960 imperatorem,
1810 2873 1969 2939 aliae
2028 2873 2112 2941 ad
2164 2882 2465 2954 senatum,
2535 2875 2738 2940 ciores
2791 2885 2938 2941 ειιιιι
2987 2877 3161 2943 ιιιιιιιι
3212 2877 3454 2958 incusi,
3534 2896 3718 2963 quam
3772 2885 3842 2940 ut
3883 2873 4148 2960 verine.

895 3408 1052 3466 nna,
1142 3393 1529 3471 compertos
1588 3405 1809 3451 omnes
1872 3383 1941 3450 id
1995 3403 2191 3482 genus
2243 3405 2468 3452 numos
2536 3409 2608 3452 se
2649 3388 2715 3451 in
2759 3387 2935 3453 nullo
2980 3379 3250 3471 Vitellii,
3306 3397 3422 3455 aut-
3457 3387 3710 3454 Nervae
3753 3407 3943 3454 numo
3987 3387 4105 3458 ob·
4126 3413 4174 3444 ,-

896 3489 1013 3554 has
1070 3495 1254 3553 notas
1309 3487 1651 3575 accepisse
1674 3485 1792 3553 sub
1841 3487 2149 3569 claudie,
2211 3497 2469 3573 urgente
2535 3510 2839 3560 servasse.
2935 3559 2939 3563 ,

896 3588 1165 3660 scilicet
1193 3579 1594 3670 necessitate,
1661 3588 1913 3675 quando
1970 3590 2164 3687 fames
2214 3591 2468 3676 'gravior
2708 3591 2854 3660 Hac
2906 3589 3169 3658 refutata
3220 3585 3528 3658 sententia
3582 3567 3778 3660 suam
3802 3592 4104 3660 continuo
4181 3561 4220 3578 ⁷

893 3691 1161 3757 Romam
1213 3700 1307 3756 et
1330 3691 1657 3779 imperium
1713 3689 1956 3758 adflixit
1979 3695 2049 3773 ἢ.
2136 3691 2225 3758 At
2281 3693 2466 3774 enim,
2537 3691 2772 3774 dictat.-
2831 3693 2973 3774 Αιι,
3031 3691 3097 3759 ιιι
3154 3686 3472 3781 operibus
3495 3692 3796 3782 publicis,
3851 3703 3924 3761 ιιι
3963 3715 4107 3763 cum

902 3801 969 3860 ιιι
1011 3815 1252 3860 causas
1284 3792 1438 3862 alias
1482 3801 1892 3892 praeteream,
1950 3815 2109 3883 quae
2162 3795 2467 3862 infirmam
2533 3795 2873 3912 agebantur
2971 3794 3341 3863 muniendae
3435 3797 3576 3866 viae
3601 3846 3620 3878 ‚
3727 3795 4107 3866 derivandae
4145 3807 4154 3812 “

896 3895 1064 3962 hanc
1133 3895 1505 3984 opinionem
1560 3906 1880 3976 evertunt,
1970 3906 2219 3964 exstant
2276 3907 2467 3965 notae
2531 3899 2598 3963 in
2687 3918 3094 3987 quoscunque
3165 3919 3314 3965 usus
3386 3920 3584 3988 aquae
3606 3947 3625 3984 ,
3665 3889 4106 3978 aedificanda

894 4000 1151 4075 incusas
1216 3998 1517 4066 Claudii
1546 3999 1808 4087 imperio
1887 4000 2309 4088 posteriores,
2399 4010 2467 4067 ut
2527 4001 3012 4090 amphitheatra,
3101 4008 3166 4066 et
3237 4021 3402 4088 quae
3470 3997 3571 4069 his
3643 4010 3790 4068 sunt
3853 3995 4106 4084 siinilia,
4205 4037 4235 4066 ι

895 4100 1109 4169 videri
1158 4111 1373 4188 potest
1440 4103 1506 4168 in
1562 4101 1836 4170 indicato
1892 4102 2249 4172 Mahudelii
2304 4112 2464 4170 cata-
2533 4104 2600 4169 in
2653 4103 2753 4170 his
2809 4123 2962 4190 erge
3008 4102 3304 4189 operibus
3347 4115 3610 4192 aequum
3651 4103 3880 4184 fuisse,
3942 4105 4108 4172 inter

895 4204 1071 4292 logo.
1190 4203 1375 4270 Aliae
1438 4203 1794 4271 Mahudelii
1859 4209 2312 4291 conjecturae„
2376 4205 2464 4272 ob
2529 4227 2684 4288 eos,
2760 4207 2867 4293 qui
2924 4205 3133 4274 labori
3187 4204 3479 4274 destinati
3532 4205 3738 4286 fuere,
3813 4205 4111 4274 distribui
4223 4254 4239 4264 .

762 4360 766 4368 .
870 4325 1054 4408 αιιιιειε
1114 4305 1271 4380 alias
1298 4304 1304 4310 ’
1335 4325 1554 4374 causas
1617 4308 1777 4402 haec
1842 4309 2044 4375 numis
2110 4311 2292 4395 signa
2354 4310 2466 4376 im·
2533 4321 2804 4378 tesseras
2859 4309 3187 4414 arbitrario
3245 4297 3541 4398 quopiam
3596 4310 3778 4396 signo
3831 4317 4113 4391 notata-5,

902 4464 1041 4474 -———-=

4019 4465 4112 4473 ..—

1037 4529 1094 4598 O
1130 4532 1195 4594 agi
1233 4499 1459 4583 Ueranii
1498 4488 1733 4584 tabulari
1761 4529 1981 4587 XXXII.
2018 4532 2253 4597 Augusti.
