4500 5650
1680 446 2382 566 CAPVTX.
2850 471 2890 565 ¹,
3103 527 3234 559 ,κ
3419 448 3829 583 :anL'

400 648 717 721 ‘offerunt
808 652 895 723 Et
952 638 1196 720 duravit
1244 652 1349 719 hic
1398 626 1624 722 modus
1676 656 1742 721 in
1795 658 1999 746 ipsam
2063 675 2266 744 qnos
2296 642 2516 725 mirum
2571 655 2799 747 hercle
2880 667 2977 726 est
3043 679 3231 726 causa
3287 668 3452 726 tam
3480 682 3626 728 con·
3695 722 3704 727 ,

420 759 819 847 superiorum
884 755 1308 844 Augustorum
1374 768 1656 827 aetatem.
1742 752 1993 827 Serius
2060 746 2240 826 tracti
2294 738 2627 828 voluminis
2688 748 3056 848 cupidorum
3117 761 3343 830 oculos
3410 760 3630 841 ,fallere

420 861 597 927 numi
624 860 755 947 HI.
780 854 1079 926 formae
1058 882 1124 927 ιιι
1144 860 1433 953 formam
1474 861 1556 929 H.
1592 873 1675 930 et
1695 866 1747 931 Ι.
1792 873 1991 930 trans-
2056 882 2189 935 non
2233 864 2536 950 potuisse.
2625 862 2792 930 Vide
2832 862 3017 950 hujus
3061 866 3308 953 generis
3334 864 3627 932 cumulos

418 962 624 1041 iret-e,
714 962 809 1057 sic
867 971 1102 1045 tamen,
1191 962 1260 1031 ‘ut
1317 975 1610 1052 quantum
1666 966 1992 1034 accederet
2046 965 2123 1031 -in
2167 976 2422 1034 moneta
2475 964 2946 1033 Atheniensium
3001 978 3066 1033 et
3120 970 3674 1063 Tarentinorum,·.

418 1065 791 1146 voluminis»,
919 1074 1159 1151 tantum
1254 1065 1669 1154 deperderent
1770 1068 1990 1137 solidi·
2060 1067 2253 1147 Quod
2309 1068 2391 1135 de
2427 1067 2902 1136 tetradrachmis
2947 1069 3078 1137 dixi
3096 1120 3114 1150 ,
3181 1069 3264 1136 ad
3309 1093 3424 1138 eos
3470 1094 3625 1158 quo·
3685 1084 3690 1091 '

422 1178 569 1237 tate.
641 1170 800 1255 Ejus
822 1176 1014 1236 testes
1044 1170 1216 1243 numi
1244 1169 1748 1255 Atheniensium,
1798 1172 1987 1239 Chio-
2057 1193 2207 1259 que,
2283 1172 2391 1259 qui
2447 1171 2766 1238 inferioris
2819 1174 2979 1239 *sunt
3034 1172 3369 1261 ponderis,
3435 1173 3624 1256 valet,

202 1272 213 1279 ”
316 1336 331 1351 ι
419 1279 589 1354 rum,
654 1271 1040 1358 Samiorum,
1111 1272 1513 1362 aliorumque.
1619 1274 1785 1345 Soli
1839 1274 1990 1341 Ale·
2058 1295 2323 1361 quorum
2364 1284 2435 1342 ut
2476 1275 2580 1364 qui
2625 1282 2772 1341 sunt
2814 1276 3257 1365 antiquissimi,
3300 1276 3395 1342 sie
3439 1277 3626 1347 etiam

288 1418 293 1423 -
419 1364 714 1441 xandrmi
772 1372 1050 1463 Aegypti
1113 1395 1337 1442 numos
1396 1399 1549 1444 suos
1612 1382 1769 1445 aevo'
1835 1377 1988 1444 infe·
2057 1377 2252 1462 magis
2330 1377 2552 1458 solidi,
2627 1377 2861 1467 figurae
2926 1375 3267 1462 globosae,
3341 1386 3449 1444 aut
3510 1377 3624 1445 ob·
3655 1397 3676 1413 ·

418 1476 593 1544 riore
644 1499 712 1543 ιιι
766 1479 997 1559 arctius
1054 1480 1325 1568 spatium
1373 1479 1673 1567 redegere
1723 1482 1844 1563 sic,
1923 1489 1991 1547 ut
2048 1477 2317 1565 longae,
2405 1478 2521 1545 sed
2589 1500 2752 1568 quos
2818 1477 3049 1546 deinde
3121 1480 3343 1548 cultius
3393 1468 3625 1549 aevum
3736 1508 3745 1515 ·

418 1589 486 1646 et
539 1579 923 1649 soliditatem
962 1581 1330 1666 retinerent,
1403 1584 1578 1672 quod
1633 1583 1847 1653 videre
1889 1592 1985 1652 est
2052 1581 2248 1669 magis
2322 1580 2690 1670 explicavit,
2721 1648 2724 1655 ,
2779 1591 2843 1648 ct
2919 1581 3002 1648 ad
3086 1581 3348 1651 formam
3427 1582 3625 1670 magis

411 1682 481 1750 in
527 1682 733 1752 obviis
779 1705 998 1751 eorum
1042 1685 1261 1751 numis.
1846 1734 1853 1739 -
2049 1683 2303 1772 planam
2348 1706 2424 1751 ac
2465 1683 2797 1752 rotundam
2842 1683 3070 1772 adegit.
3119 1714 3126 1721 ·
3172 1679 3376 1753 Fuere
3416 1694 3626 1754 tamen

876 1788 947 1854 Α
956 1791 1018 1854 R
1045 1792 1102 1852 G
1122 1788 1272 1853 ΕΝ
1287 1790 1344 1853 Τ
1365 1789 1523 1854 VM.
2051 1788 2247 1855 etiam.
2290 1774 2452 1852 inter
2482 1789 2790 1854 'Graecos
2855 1789 3321 1876 antiquissimos
3376 1780 3621 1876 populi,
3669 1792 3678 1808 ¹

558 1882 857 1955 Graecia
925 1888 1049 1957 late
1117 1900 1389 1978 sumpta,
1465 1911 1663 1978 eaque
1722 1890 1855 1955 sive
1911 1886 1983 1952 li-
2052 1891 2160 1977 qui
2213 1891 2282 1956 in
2326 1910 2654 1959 numerum
2705 1910 2884 1957 usum
2929 1900 3250 1976 argentum
3292 1891 3359 1956 in
3401 1901 3620 1959 tennes

415 1988 607 2071 bera,
670 1988 804 2057 sive
864 2012 1128 2079 regnans
1201 1994 1353 2062 varii
1438 1992 1681 2059 moduli
1760 2012 1985 2061 numos
2051 1989 2317 2057 laminas
2340 2001 2696 2077 coegerunt.
2785 1990 3167 2075 Hujusmodi
3209 2003 3357 2059 sunt
3399 2015 3620 2061 omnes

421 2090 646 2158 habuit
697 2104 1040 2178 argenteos.
1171 2095 1362 2161 Pauci
1415 2105 1601 2176 sunt,
1664 2095 1773 2179 qui
1824 2114 1983 2179 pon·
2049 2091 2130 2171 ii,
2197 2112 2360 2178 quos
2421 2099 2656 2158 incuso-5
2713 2093 3128 2180 appellamus,
3202 2096 3435 2183 quique
3485 2117 3617 2184 om-

419 2191 575 2261 dere
614 2202 883 2282 quatuor
924 2194 1253 2263 drachmas
1293 2194 1653 2293 excessere,
1702 2192 1880 2270 unde
1923 2203 1987 2260 et
2051 2212 2199 2274 nes,
2298 2202 2366 2259 ut
2451 2193 2602 2259 alibi
2686 2191 3083 2278 docebimus,
3165 2198 3248 2262 >in
3308 2196 3620 2265 Lucaniae
3697 2226 3704 2231 ·

416 2295 571 2364 dicti
655 2296 1127 2380 tetradrachmi,
1244 2309 1430 2387 atque
1514 2299 1775 2365 horumf
1829 2297 1982 2367 anti-
2049 2294 2318 2383 huicque
2360 2294 2579 2371 vicinis
2623 2294 2880 2363 urbibus
2924 2297 3148 2384 signati
3192 2307 3354 2365 sunt.
3428 2298 3618 2368 Adde

417 2398 703 2488 quissimi
750 2399 946 2466 solidi
995 2401 1192 2487 magis
1246 2411 1423 2484 sunt,
1501 2423 1683 2490 quam
1739 2400 1805 2466 in
1860 2421 1984 2467 am-
2054 2418 2298 2464 numos
2345 2397 2591 2465 urbium
2639 2398 3022 2481 Sicularum,
3098 2402 3434 2489 praecipue
3496 2403 3615 2486 Sy-

330 2564 347 2573 -
415 2502 584 2590 plius
648 2502 947 2583 volumen
1019 2503 1282 2585 diducti,
1364 2526 1521 2593 quae
1578 2503 1809 2571 deinde
1868 2524 1983 2590 po·
2052 2522 2436 2583 taenearum,
2493 2500 2696 2583 Naxi,
2739 2501 3079 2570 Abacaeni.
3144 2502 3298 2585 Sed
3341 2504 3447 2570 h'ic
3484 2526 3616 2572 mo·

416 2605 647 2675 sterior
709 2605 916 2674 forma
984 2607 1283 2675 Graeciae
1349 2607 1545 2695 magis
1598 2607 1802 2675 cultae
1852 2603 1983 2693 pla·
2055 2602 2172 2670 dus
2234 2604 2536 2673 Graeciae
2623 2624 2952 2691 magnae,=
3002 2613 3068 2671 et
3120 2605 3373 2672 Siciliae
3457 2607 3617 2674 fines

416 2707 562 2774 cuit.
654 2708 913 2775 -Confer
965 2708 1457 2777 teti-adrachmos
1512 2709 1985 2783 Atheniensium
2052 2706 2162 2773 vix
2211 2716 2310 2774 est
2354 2726 2657 2792 egressus.
2787 2705 3042 2773 Praeter
3093 2706 3215 2774 hos
3267 2709 3405 2776 aevi
3448 2719 3615 2776 vetu-
3627 2728 3630 2737 “

384 2811 885 2900 'antiquissimos
950 2833 1090 2879 cum
1145 2812 1483 2899 posteris.
1561 2813 1820 2879 Horum
1892 2812 1985 2877 in·
2053 2806 2307 2874 stissimi
2369 2816 2596 2874 numos
2649 2809 2832 2875 etiam
2895 2819 3147 2880 moneta
3183 2833 3410 2899 regum
3469 2813 3614 2880 Per-

182 2947 205 2956 -
230 2898 251 2903 ³
300 2959 305 2965 -
414 2916 701 3001 signem
734 2915 983 3003 copiam
1075 2907 1477 3005 suppeditant
1538 2913 1986 2996 Athenienses,
2052 2912 2184 2977 siae
2242 2903 2753 2992 Sassanidarum,
2818 2913 2926 2999 qui
2977 2934 3145 2981 anno
3200 2909 3270 2978 P.
3326 2913 3412 2981 X.
3466 2916 3616 2985 226.
3695 2965 3716 2977 .

418 3015 678 3098 Thasii,
742 3017 993 3116 Aradii.
1070 3017 1459 3102 Maronitae,
1525 3017 1784 3106 aliique,
1852 3026 1983 3084 tum
2050 3033 2274 3081 everso
2352 3010 2722 3097 Parthorum
2791 3013 3056 3102 imperio
3129 3035 3394 3103 regnare
3471 3036 3612 3088 coe·

417 3126 489 3185 et
568 3118 933 3209 Philippus,
1046 3119 1332 3210 filiusque
1415 3118 1821 3188 Alexander
1861 3117 1981 3199 Μ.
2047 3124 2303 3207 perunt,
2348 3115 2552 3182 tenuis
2597 3123 2695 3182 est
2725 3114 3010 3206 laminae.
3095 3159 3104 3162 ·

411 3229 481 3288 et
527 3220 815 3310 plerique
869 3227 1003 3310 ejas
1054 3245 1452 3294 successores
1504 3243 1703 3310 reges.
1791 3220 1981 3287 Pauci
2216 3219 2489 3284 Romani
2544 3225 2685 3284 cum
2744 3219 3010 3307 primum
3059 3226 3384 3304 argentum
3423 3217 3614 3286 ferire

300 3389 323 3398 ι
412 3326 481 3391 in
551 3325 938 3393 Graecorum
1000 3336 1285 3414 argento
1326 3334 1605 3409 exstant,
1692 3334 1759 3391 ιιι
1824 3322 1978 3406 dixi,
2049 3287 2422 3410 coeperunt,
2489 3324 2623 3408 ejus
2667 3331 2792 3388 tam
2836 3321 3161 3402 volumen,
3221 3342 3405 3408 quam
3447 3339 3612 3408 cras·

410 3428 716 3517 ponderis
782 3429 1096 3498 auctioris.
1214 3430 1290 3497 In
1329 3449 1628 3518 praesens
1682 3427 1814 3495 non
1873 3449 1980 3493 oc·
2046 3425 2252 3492 sitiem
2309 3423 2391 3492 ad
2445 3423 2725 3496 cultioris
2766 3427 2900 3518 jam
2958 3434 3088 3492 tum
3131 3422 3437 3492 Graeciae
3479 3433 3612 3490 me·

400 3529 672 3610 'currunt
722 3531 829 3599 alii
882 3541 1132 3621 praeter
1176 3531 1454 3600 illustres
1508 3531 1660 3598 illos
1712 3530 1979 3614 Syracu·
2049 3527 2196 3604 dum
2270 3525 2862 3610 adcommodavere,
2903 3595 2908 3602 ,
2949 3535 3013 3593 et
3087 3528 3218 3594 tiun
3294 3524 3608 3608 denarius,

419 3655 613 3701 sanos
662 3644 787 3702 tam
830 3635 1182 3718 soliditate,
1242 3656 1425 3724 quam
1465 3633 1788 3703 volumine
1834 3653 1983 3699 con·
2054 3630 2161 3719 qui
2242 3628 2598 3726 drachmam
2662 3629 2794 3696 fere
2860 3626 3191 3718 adpendit,
3273 3638 3615 3719 temperata

422 3737 693 3824 spicuos
760 3738 1047 3827 pondere
1135 3737 1563 3810 drachmarum
1650 3747 1833 3819 octo,
1921 3744 1986 3802 ct
2049 3732 2189 3800 fuit
2209 3731 2292 3800 ad
2333 3715 2630 3801 volumen
2669 3732 2987 3815 crassitie,
3045 3741 3110 3798 et
3156 3732 3256 3799 'sic
3298 3733 3613 3821 quinarius

426 3839 723 3929 amplius,
784 3863 947 3930 quos
984 3863 1107 3908 suo
1151 3839 1303 3912 loco
1348 3840 1648 3908 dabimus,
1735 3839 1843 3906 Ab
1881 3837 1982 3905 his
2051 3858 2339 3926 quoque,
2397 3839 2471 3902 ac
2509 3836 2850 3904 sestertius.
2957 3833 3138 3904 Nulli
3181 3834 3285 3900 hic
3328 3833 3612 3902 didrach-

422 3940 891 4012 madrachmis
959 3945 1115 4013 varii
1178 3940 1409 4011 deinde
1470 3955 1614 4010 sunt
1683 3929 1982 4032 deminuti
2050 3941 2165 4023 mi,
2186 3949 2338 4008 aut
2389 3939 2490 4007 his
2544 3939 2892 4026 graviores,
2955 3936 3179 4006 saltem
3228 3957 3398 4026 quos
3439 3947 3613 4006 certo

405 4044 556 4118 ,sive
608 4045 972 4133 ponderis,
1094 4047 1229 4113 sive
1313 4046 1648 4114 voluminis
1732 4045 1982 4133 gradus,
2052 4051 2302 4109 constet
2335 4043 2406 4109 in
2449 4041 2604 4110 urbe
2646 4043 2994 4129 signatos,
3031 4038 3114 4106 de
3168 4061 3316 4137 quo
3340 4039 3612 4129 explica-

420 4167 587 4235 quos
640 4146 901 4216 definire
942 4147 1191 4216 molesti
1246 4159 1414 4217 esset
1466 4148 1742 4231 laboris,
1799 4157 1984 4236 atque
2050 4146 2172 4214 tius
2230 4165 2479 4232 agemus
2531 4146 2599 4211 in
2647 4151 2914 4211 tractatu
2973 4141 3092 4210 de
3121 4143 3323 4212 numis
3390 4162 3613 4210 consu·

416 4249 676 4318 inutilis.
744 4249 928 4318 Istud
942 4233 1340 4326 memorasse
1371 4249 1714 4331 suffecerit,
1760 4272 1984 4320 numos
2038 4248 2310 4346 laribus.
2405 4245 2645 4332 Eadem
2689 4227 2917 4314 deinde
2958 4243 3066 4312 lex
3121 4246 3212 4312 in
3229 4253 3482 4314 moneta
3521 4263 3614 4309 ar·

419 4361 757 4437 argenteos
840 4355 1241 4423 Graecorum
1335 4353 1782 4420 nonnullorum
1875 4353 1983 4419 ha·
2051 4361 2276 4438 gentes
2319 4325 2447 4416 sub
2485 4350 2784 4436 Augustis
2836 4369 3089 4438 quoque
3142 4368 3340 4434 usque
3391 4343 3473 4412 ad
3525 4344 3616 4436 in·

310 4517 317 4530 ,
418 4453 559 4520 beri
630 4454 714 4521 ad
798 4457 1114 4523 minimam
1210 4449 1583 4523 mdleculam
1670 4454 1987 4537 reductos,
2054 4454 2243 4523 serius
2295 4473 2512 4520 eorum
2565 4456 2782 4519 aevum'
2837 4450 3100 4518 duravit.
3193 4447 3422 4536 Neque
3463 4469 3617 4514 vero

420 4565 488 4622 et
574 4577 659 4623 ne
743 4578 934 4645 grana
1012 4559 1260 4649 quidem
1347 4560 1466 4684 tria
1538 4556 1988 4646 adpendentes,
2055 4558 2123 4624 in
2199 4564 2450 4624 moneta
2528 4554 2697 4623 urbis
2775 4543 3037 4641 putandi
3119 4558 3299 4620 sunt
3345 4547 3619 4708 argentei
3691 4625 3714 4646 ι,
3845 4557 3856 4578 “

491 4675 637 4741 (Vol.
676 4675 752 4745 1.)
966 4715 977 4722 -
1312 4746 1329 4754 ἱ
1780 4684 1801 4703 “
2559 4727 2564 4730 ,
2691 4723 2696 4729 .
2935 4733 2940 4744 ⁴
3159 4692 3202 4760 g
