4500 5650
880 459 1079 510 Lxm
1103 442 1106 447 ’

1786 432 2538 509 PROLEGOMENA
2609 431 3182 508 GENERALIA.
3249 539 3262 551 „

782 652 787 656 -
883 604 1105 668 merita
1162 602 1231 666 in
1296 574 1594 686 typorum
1666 607 2090 684 argumentum
2154 599 2457 685 legerent,
2525 562 2779 679 ber-ius,
2824 605 3010 685 atque
3050 596 3202 680 etsi,
3245 617 3426 682 quae
3446 593 3779 685 multorum
3824 604 3920 660 est
3961 596 4114 682 opi-

886 726 1071 792 quam
1142 724 1263 770 nos
1328 701 1643 767 materiam
1707 702 1775 767 in
1838 702 2305 789 prolegomenis
2379 698 2461 766 ad

884 829 1113 875 numos
1215 804 1582 870 familiarum
1688 803 1963 890 prolixe
2040 803 2460 881 tractabimus.

2529 700 2674 782 nio,
2743 701 2880 784 ejus
2947 707 3134 784 eaput
3195 697 3555 786 frequenter
3605 706 3976 785 compareat
4033 698 4110 761 in

2527 803 2733 868 numis
2786 801 3039 881 aureiS,
3107 801 3500 887 aeneisque,
3587 808 3797 866 tamen
3865 800 3933 864 in
3999 798 4112 863 his

886 907 1097 973 Primo
1132 906 1384 973 Caesari
1430 905 1723 972 dictatori
1767 906 2119 993 supremum
2161 904 2328 971 istud
2353 908 2460 990 jus
2525 925 2664 972 non
2701 914 2828 970 tam
2870 912 3058 989 eaput
3099 912 3197 968 est
3238 903 3486 983 Liviae,
3543 924 3726 988 quam
3769 902 4110 979 PIETAS‚

883 1012 1217 1096 honosque
1276 1016 1527 1073 senatus
1585 1009 1901 1092 consulto,
1952 1008 2324 1097 permissus,
2393 1014 2465 1072 ut

886 1104 1252 1177 docebimus
1317 1109 1383 1173 in
1440 1112 1586 1198 *ejus
1655 1111 1875 1176 numis.
2006 1108 2202 1175 Edito
2267 1106 2465 1175 semel

885 1213 1182 1300 exemplo
1236 1232 1369 1276 non
1430 1209 1772 1277 adhaesere
1826 1210 2066 1292 111viri‚
2127 1212 2235 1299 qui
2279 1232 2466 1277 caeso
2490 1212 2512 1260 Γ

888 1315 1197 1381 dictatore
1282 1334 1397 1401 per
1481 1335 1728 1379 causam
1807 1312 2281 1383 constituendae
2350 1310 2469 1379 rei·

876 1417 1182 1504 'publicae
1243 1437 1521 1487 summae
1594 1417 1688 1482 rei
1746 1425 2074 1503 praeerant
2094 1465 2112 1497 ,
2202 1424 2333 1482 tum
2402 1422 2466 1480 et

891 1522 1042 1586 Sex.
1091 1518 1428 1606 Po'mpejus
1495 1506 1611 1584 suo
1683 1519 1956 1605 quodam
2009 1523 2156 1604 jure
2220 1540 2295 1584 ac
2350 1539 2466 1583 no·

792 1692 804 1705 .
889 1624 1057 1689 mine
1124 1622 1311 1687 ferire
1382 1630 1731 1703 monetam,
1798 1619 1973 1710 quod
2038 1619 2293 1709 quidem
2355 1622 2465 1706 mi:

888 1747 1007 1792 nus
1058 1722 1427 1817 mirandum.
1462 1725 1527 1789 in
1580 1723 1983 1806 hominibusi,
2074 1724 2304 1812 quibus
2369 1725 2464 1791 vis

892 1850 965 1893 ac
1008 1827 1295 1915 licentia»
1326 1849 1445 1914 pro
1511 1825 1757 1911 legibus
1818 1825 2024 1908 fuere,
2096 1833 2276 1910 cum‘,
2298 1826 2467 1893 idem

888 1953 1073 1997 ausus
1118 1929 1303 1995 fuerit
1355 1928 1451 1995 M.
1508 1930 1737 1995 Brutus
1793 1930 2076 1997 Caesaris
2132 1930 2462 2018 parricida,

757 2043 767 2051 “
844 2120 859 2123 ὴ
891 2035 997 2119 qui
1040 2032 1348 2099 libertatis
1394 2033 1465 2098 P.
1516 2033 1594 2098 R.
1638 2030 1879 2099 vindex
1923 2031 2096 2099 credi
2138 2033 2357 2101 voluit.

1061 2132 1349 2216 Augusto
1393 2152 1600 2197 rerum
1642 2136 1849 2218 potito
1894 2146 2070 2197 tanto
2128 2138 2354 2201 certius
2397 2136 2468 2195 in

888 2257 1021 2302 rem
1073 2232 1480 2299 monetariam
1532 2237 1641 2317 jus
1700 2233 1846 2316 fuit,
1927 2235 2074 2321 quia
2127 2233 2288 2299 illud
2345 2232 2469 2298 sibi

879 2342 1014 2424 jam
1079 2335 1423 2420 arrogavit,
1489 2356 1629 2399 eum
1693 2337 1947 2401 nonnisi
2013 2335 2202 2401 Illvir
2265 2336 2478 2439 reipa—

894 2439 1098 2506 blieae
1143 2435 1618 2504 constituendae
1662 2447 1845 2507 esset.
1933 2437 2220 2504 Eundem
2259 2448 2467 2505 tamen

824 2552 835 2587 :
893 2542 1079 2607 etiam
1166 2541 1476 2606 honorem
1563 2536 2042 2607 communicavit
2141 2563 2281 2607 cum
2364 2539 2465 2623 iis,

894 2665 1055 2731 quos
1099 2644 1432 2711 tribunicia
1487 2636 1800 2730 potestate
1856 2644 2143 2726 donavit,
2218 2665 2294 2709 ac
2345 2642 2466 2733 pri·

892 2766 1063 2810 mum
1126 2745 1385 2832 'quidem
1458 2767 1597 2807 cum
1659 2746 1757 2807 M.
1827 2745 2108 2829 Agrippa
2128 2788 2148 2820 ,
2237 2742 2468 2805 deinde

893 2849 1156 2914 Tiberio
1222 2846 1534 2935 privigno.

887 2973 1119 3018 numos
1175 2971 1399 3015 aureos
1475 2956 1930 3035 argenteosque
1983 2947 2168 3033 Cajus
2230 2953 2296 3012 et
2346 2943 2467 3010 Lu-

896 3054 1025 3120 cius
1070 3053 1392 3140 Agrippae
1444 3051 1594 3132 filii,
1663 3071 1825 3138 quos
1870 3037 2187 3135 Adgustus
2240 3048 2308 3114 ‘m
2359 3049 2468 3114 im-

894 3156 1057 3244 perii
1112 3177 1288 3243 spem
1347 3155 1644 3244 Caesares
1702 3152 1882 3235 dixit,
1949 3150 2064 3217 sed
2125 3152 2193 3217 in
2252 3172 2470 3216 eorum

894 3260 1100 3324 antica
1138 3277 1391 3342 semper
1448 3265 1559 3321 est
1602 3264 1790 3340 caput
1832 3254 2115 3339 Augusti.
2201 3250 2472 3318 Indulsit

896 3358 1129 3425 deinde
1195 3359 1363 3424 hunc
1424 3358 1735 3424 honorem
1790 3356 2083 3422 Tiberius
2144 3353 2358 3450 Druso
2403 3354 2471 3419 fi·

896 3460 1018 3541 lio,
1106 3480 1188 3525 ex
1256 3480 1382 3546 quo
1457 3458 1554 3523 illi
1623 3450 2045 3526 tribuniciam*
2098 3464 2473 3545 potestatem

902 3562 1169 3644 detulit,
1227 3563 1373 3626 item
1430 3562 1802 3628 Germanico
1862 3560 2112 3626 Caesari
2185 3582 2305 3627 suo
2360 3581 2473 3646 per

899 3666 1308 3754 adoptionem
1394 3663 1561 3745 filio,
1651 3664 1766 3732 sed
1852 3667 2027 3749 cujus
2101 3664 2271 3729 numi
2339 3684 2473 3731 non

900 3779 1184 3850 exstant,
1261 3769 1383 3833 nisi
1439 3767 1633 3834 aenei.
1718 3766 1913 3833 Drusi
1978 3767 2245 3844 senioris
2304 3768 2475 3833 nu'mi

898 3871 967 3936 in
1018 3872 1205 3962 §omni
1271 3870 1532 3942 metallo
1606 3870 1874 3938 nonnisi.
1930 3867 2197 3935 Claudio
2281 3867 2473 3954 impe·

899 3986 1079 4041 rante
1121 3974 1346 4061 signati
1368 3982 1552 4064 sunt.
1624 3966 1918 4040 ⁴Feminis
1983 3972 2141 4038 vivis
2200 3991 2473 4036 summus

894 4076 1004 4142 hic
1050 4076 1262 4142 honos
1307 4065 1530 4162 perdiu
1572 4075 1687 4141 fuit
1730 4083 2020 4161 negatus,
2075 4075 2290 4160 'neque
2330 4093 2470 4139 eum

896 4179 1160 4245 indulsit
1224 4178 1542 4263 Augustus
1609 4179 1803 4268 ‚uxori
1869 4176 2115 4259 Liviae,
2190 4177 2468 4263 quamvis

896 4269 1099 4380 gratia
1164 4272 1622 4369 praevalidae,
1656 4288 1764 4354 aut
1832 4278 2061 4371 dein-de
2133 4277 2299 4346 filius
2341 4280 2470 4345 'Ti-

1038 4508 1081 4565 t)
1119 4504 1193 4555 dc·
1226 4517 1321 4557 vet.
1360 4524 1502 4555 num.
1540 4515 1648 4571 pot.
1695 4522 1746 4570 p.
1795 4503 1874 4553 83.

1649 2843 1908 2911 Habent
1968 2842 2223 2931 quidem
2283 2842 2469 2908 etiam
2491 2899 2498 2906 ,

2532 1008 2842 1090 SALVS,
2930 1004 3316 1083 IVSTITIA
3382 1005 3561 1090 (nam
3623 1004 3781 1073 haec
3845 1004 4115 1071 nomina

2532 1107 2747 1174 addita
2822 1107 3149 1192 leguntur)
3220 1107 3436 1174 Liviae
3513 1099 3779 1194 imagine
3851 1128 4111 1196 expres-

2535 1232 2674 1292 sae,
2736 1232 2815 1275 ex
2882 1231 3006 1298 qua
3070 1212 3210 1297 ipsa
3245 1210 3649 1277 ·verecundia
3709 1210 3859 1276 satis
3915 1231 4111 1297 appa·

2537 1322 2662 1393 ret,
2734 1334 2870 1378 eam
2927 1334 2964 1377 a
3004 1322 3293 1379 monetae
3335 1318 3481 1399 Jure
3533 1305 3755 1400 procul
3811 1312 4110 1379 habitam.

2531 1414 2828 1481 Mortuae
2871 1414 3133 1498 deinde,
3189 1426 3257 1482 ut
3308 1426 3372 1482 et
3414 1416 3730 1485 Antoniae
3763 1416 3964 1482 ‘Drusi
4007 1438 4112 1481 se·

2533 1517 2767 1599 nioris,
2841 1527 2906 1583 et
2967 1519 3372 1609 Agrippinae
3403 1508 3660 1585 'seniori
3724 1542 3762 1585 a
3824 1517 4114 1605 Caligula

2535 1629 2600 1685 et
2642 1618 2910 1687 Claudio
2957 1621 3240 1708 signatos
3293 1643 3526 1688 numos
3567 1632 3832 1689 constat.
3923 1621 4116 1687 Clau‘·

2536 1721 2626 1787 dii
2668 1732 2732 1788 et
2757 1722 3052 1791 'Neronis
3093 1747 3327 1792 uxores
3373 1725 3575 1797 numis
3629 1710 3869 1807 carent,
3938 1724 4116 1789 dem·

2533 1833 2643 1912 pta
2695 1826 3042 1915 Agrippina
3099 1830 3385 1913 juniore,
3459 1849 3620 1916 quae
3667 1831 3908 1895 laur-'eos
3976 1827 4114 1915 qni-

2535 1927 2678 1995 dem
2740 1939 2804 1995 et
2872 1918 3202 2017 argenteos
3276 1916 3496 2013 habet,
3579 1929 3692 1997 sed
3765 1934 4115 2018 conjuncto

2534 2051 2783 2118 semper
2825 2034 3027 2120 capite
3067 2034 3182 2099 ‘vel
3235 2033 3439 2099 mariti
3485 2032 3784 2117 Claudii,
3837 2033 3939 2103 vel
3999 2032 4120 2097 filii

2521 2132 2838 2193 Neronis.
2928 2133 3142 2194 Habet
3182 2138 3390 2194 tamen
3434 2137 3576 2196 sola
3618 2152 3882 2213 aeneos,
3929 2152 4116 2196 sena·

2535 2237 2604 2296 tu
2660 2226 2831 2294 haud
2898 2227 3087 2296 dubie
3152 2233 3547 2319 praepotenti
3616 2234 3914 2322 principis
3979 2256 4113 2299 ma.-

2535 2332 2615 2397 tri
2675 2328 2983 2398 adulante.
3084 2328 3326 2401 Primus
3382 2328 3561 2402 Titus
3625 2336 3816 2403 filiam
3877 2330 4116 2402 Ju‘liam

2536 2435 2603 2500 in
2642 2444 2894 2500 moneta
2947 2434 3149 2502 solam
3194 2439 3471 2525 proponi
3513 2439 3738 2531 jussit,
3802 2440 4113 2505 Domitia-

2535 2559 2654 2606 nus
2728 2532 2958 2605 deinde
3022 2560 3284 2607 uxorem
3345 2542 3684 2609 Domitiam
3703 2592 3720 2625 ‚
3800 2544 4113 2629 Prajanus

2537 2658 2801 2708 uxorem
2888 2640 3199 2711 Plotinam
3223 2693 3242 2726 ,
3321 2667 3619 2712 ¹sororem
3697 2644 4111 2728 Marcianam,

2533 2751 2787 2823 nefitem
2853 2744 3252 2819 Matidiam,-
3283 2764 3451 2827 qnae
3511 2747 3776 2811 subinde
3819 2746 4119 2837 exempla
4181 2770 4196 2779 ‘

2535 2840 2778 2906 imitati·
2844 2850 2989 2906 sunt
3072 2843 3386 2931 principes
3453 2864 3871 2912 successores.
3975 2848 4114 2914 Sed

2536 2943 2696 3010 haec
2738 2941 2822 3009 ad
2861 2964 3087 3011 numos
3140 2954 3378 3012 tantum
3432 2948 3496 3014 in
3560 2947 3717 3014 urbe
3770 2969 4110 3065 percussos

2536 3025 2866 3134 pertinent.
2999 3046 3164 3113 Nam
3246 3049 3486 3116 Liviam
3583 3050 3818 3117 ιιάῑιῑιο
3881 3052 4108 3135 vivam,

2537 3160 2669 3217 tum
2733 3161 2796 3217 et
2847 3143 3076 3216 Juliam
3133 3149 3402 3237 Augusti
3440 3150 3562 3236 Ε,
3603 3162 3672 3222 et
3721 3154 4110 3270 sequentium

2538 3251 2887 3341 principum
2929 3274 3162 3326 uxores
3206 3257 3439 3378 passim
3497 3259 3740 3341 Jactant
3820 3256 3977 3326 numi
4011 3245 4134 3323 in⁴

2540 3355 2880 3444 provinciis
2948 3357 3207 3442 signati,
3275 3358 3483 3446 quod
3559 3357 3626 3426 in
3699 3353 4112 3446 imperantem

2543 3459 2876 3525 Caesarum
2965 3458 3217 3527 domum
3307 3461 3679 3552 obsequium
3741 3462 4114 3548 permissum

2539 3569 2777 3628 tantum
2827 3561 2983 3644 fuit,
3054 3583 3184 3629 non
3259 3573 3494 3648 autem,
3567 3565 3745 3633 'nullo
3814 3563 3985 3632 edito
4040 3565 4146 3631 iu·

2542 3662 2696 3729 urbe
2750 3664 3108 3752 exemplo,
3147 3667 3528 3755 imperatum.
3626 3669 3964 3758 Pei-„peram
4013 3690 4110 3735 er·

2540 3786 2625 3852 go
2692 3767 2966 3835 adseruit
3039 3767 3337 3838 Rinckius
3394 3772 3462 3858 ),
3549 3770 3938 3839 Hadrianum
4016 3769 4110 3837 di·
4161 3824 4168 3827 .

2542 3867 2742 3935 lecto
2798 3893 2916 3938 suo
3017 3871 3300 3940 Antinoo
3407 3877 3704 3959 majorem
3799 3874 4110 3941 honorem

2538 3982 2857 4074 praestare
2944 3973 3114 4042 haud
3184 3977 3489 4065 potuisse,
3577 3997 3802 4065 quam
3836 4000 3977 4044 cum
4041 3977 4112 4042 in

2537 4077 2780 4142 numis
2830 4089 3192 4166 perpetuam
3278 4084 3411 4166 ejus
3500 4079 3858 4146 redderet
3845 4083 4112 4146 memo·

2536 4178 2711 4245 riam.
2817 4178 2975 4248 Non
3046 4192 3295 4249 exstant
3364 4183 3582 4250 numi
3603 4182 3924 4264 Antinoi,
3984 4182 4114 4254 nisi

2538 4282 2860 4348 commatis
2933 4287 3242 4371 peregrini
3268 4333 3286 4367 ,
3374 4288 3588 4374 iique
3629 4286 3922 4353 nonnisi
3962 4297 4116 4373 p'ost

3489 4441 3612 4450 „w
3629 4442 3744 4449 ..ss-
3763 4442 3926 4450 -,.,..-
3947 4417 4116 4452 Lan..

2883 4440 3154 4448 *wh-
3171 4442 3212 4448 q..
